3259 5042
741 222 950 281 „7-

257 416 327 460 esse
356 418 420 460 non
443 400 567 481 possit.
592 397 685 480 plane
715 397 856 460 dilucida
885 403 991 460 autem
1021 397 1056 460 lit
1086 398 1254 475 sententia,
1284 398 1311 459 si
1334 396 1433 459 verba

257 524 300 566 eo
332 505 455 570 biduo
489 526 561 570 cum
591 504 860 587 subsequentibus
893 505 1134 584 coniungimus:
1163 515 1241 567 ‘cum
1275 511 1357 566 esset
1386 524 1431 586 pr.

258 611 337 674 Non.
362 620 392 677 et
415 612 517 676 Nonis
540 633 686 676 annonae
709 631 834 676 summo
857 613 972 674 caritas
1001 660 1011 673 ..
1038 661 1043 672 .
1074 661 1094 689 .,
1121 629 1196 674 cum
1214 631 1276 694 -per
1298 631 1353 674 eos
1376 617 1431 694 (so.

258 738 338 800 quos
362 721 444 802 dixi)
469 721 535 784 dies
559 728 687 784 senatus
711 720 750 784 de
779 739 906 783 annona
933 719 1103 784 haberetur
1133 771 1139 783 .
1168 768 1174 782 .
1205 768 1212 780 .
1243 719 1432 783 sententiam

258 827 340 888 dixi:
375 829 503 892 illorum
536 834 642 893 autem
678 828 800 892 ratione
833 827 930 891 verbu
962 846 1035 910 „per
1067 847 1121 890 eos
1153 827 1238 890 dies“
1270 830 1343 908 apte
1375 826 1431 888 vix

255 942 388 1016 possunt
417 937 579 1019 explicari.
588 935 611 1018 1)
644 971 684 982 -
714 955 779 998 una
807 941 913 998 tamen
942 941 1037 998 restat
1065 934 1251 1013 difficultas
1282 931 1369 1015 quod
1397 933 1431 994 in

256 1043 396 1105 oratione
428 1049 499 1125 post
528 1041 664 1106 reditum
697 1043 731 1104 iu
760 1049 873 1106 senatu
906 1043 976 1125 (14,
1005 1043 1061 1123 34)
1090 1040 1200 1104 Oicerc
1231 1041 1306 1103 dicit
1336 1040 1428 1101 haec:

256 1197 285 1227 „.
306 1197 312 1209 .
333 1200 339 1212 .
360 1167 485 1212 mecum
508 1155 639 1214 senatus
663 1150 847 1229 auctoritas,
871 1168 994 1212 mecum
1021 1148 1163 1227 libertae,
1186 1167 1311 1211 mecum
1335 1148 1430 1210 etiam

253 1255 383 1338 frugum
402 1255 597 1323 ubertas...
617 1257 797 1320 afuerunt&
826 1276 908 1339 quae
927 1277 991 1339 quo
1011 1257 1063 1320 die
1080 1255 1179 1323 fames
1198 1255 1232 1317 in
1251 1253 1330 1317 urbe
1349 1260 1430 1318 esset

255 1362 317 1425 dici
337 1382 401 1424 non
419 1364 560 1446 potuisse
578 1364 743 1447 apparetl)
763 1364 882 1427 scimus
897 1370 1003 1426 autern
1019 1364 1192 1433 orationem
1206 1362 1293 1424 illum
1314 1362 1429 1424 dictam

253 1469 351 1532 fuisse
375 1470 414 1534 de
437 1470 595 1554 scripto,³)
620 1471 706 1553 quod
729 1469 852 1534 Tullius
876 1472 908 1532 in
933 1470 1045 1534 itinere
1069 1471 1230 1532 exaravit:
1260 1476 1327 1533 turn
1352 1488 1428 1531 sane

255 1575 331 1638 talia
355 1576 492 1640 scribere
517 1577 646 1660 quidem
670 1578 785 1660 potuit,
808 1578 843 1640 in
867 1577 1029 1640 recitando
1053 1582 1159 1640 eutem
1183 1577 1326 1652 omisit.⁴)

341 1683 380 1745 In
399 1703 436 1748 ec
456 1703 585 1768 quoque
603 1685 698 1768 plane
717 1705 790 1748 cum
811 1685 956 1748 Grubero
975 1685 1082 1764 facio„
1094 1684 1179 1766 quod
1204 1684 1325 1764 statim,
1343 1691 1428 1766 post-

255 1810 351 1873 quam
376 1811 430 1854 eae
454 1811 504 1854 res
527 1792 627 1856 factae
651 1798 738 1869 sunt,
762 1793 931 1875 epistulam
955 1793 1104 1874 scriptam
1128 1791 1307 1870 arbitratur,
1332 1809 1429 1872 quarn

253 1917 320 1960 rem
339 1905 370 1962 et
392 1899 521 1962 initium
544 1901 741 1982 insequentis
765 1901 918 1983 epistulae
938 1900 1132 1962 demonstret
1154 1905 1185 1962 et
1205 1890 1338 1980 quaein
1359 1898 1428 1980 ipsa

253 2024 299 2086 ep.
320 2005 484 2086 leguntur:
510 2007 547 2087 „§
570 2012 602 2072 1:
627 2026 700 2070 curn
725 2008 862 2090 prinmm
888 2005 1021 2070 Romam
1044 2008 1120 2072 veni
1139 2057 1146 2069 .
1165 2059 1171 2070 .
1192 2056 1214 2087 .‚
1234 2006 1314 2069 nihil
1336 2006 1427 2088 prius

251 2112 433 2177 faciendum
456 2114 535 2177 mihi
559 2115 682 2203 putavi,
707 2134 804 2197 quam
829 2123 864 2178 ut
887 2115 944 2178 tibi
968 2115 1092 2178 absenti
1120 2114 1160 2176 de
1186 2113 1291 2177 reditu
1317 2119 1426 2175 nestro

252 2221 443 2302 gratularer3
469 2222 533 2302 §7:
553 2222 608 2285 illa
627 2227 735 2286 nostra
753 2222 807 2285 lex
827 2223 1005 2286 consularis
1024 2242 1110 2286 nunc
1129 2218 1271 2291 modesta
1289 2220 1426 2295 videtur,

253 2327 331 2392 liaeo
354 2327 464 2392 Messii
488 2349 552 2392 non
574 2309 718 2408 ferenda3
748 2329 947 2412 Pompeius.
972 2380 978 2392 .
1003 2379 1009 2393 .
1035 2330 1127 2405 dicit3
1152 2379 1159 2390 .
1184 2378 1190 2392 .
1211 2377 1217 2391 .
1241 2327 1426 2391 consulares

253 2434 406 2499 fremunt:
428 2457 485 2500 nos
504 2442 646 2501 tacemus
664 2456 689 2500 e.
706 2458 733 2520 q.
745 2437 824 2519 s.“⁵).
848 2438 982 2516 accedit,
1007 2437 1093 2520 quod
1113 2437 1282 2518 diligenter
1300 2442 1426 2498 narrata

253 2549 340 2622 sunt,
365 2563 447 2625 quae
471 2545 606 2626 singulis
629 2543 742 2607 diebus
765 2543 897 2624 fiebant,
921 2549 956 2606 ut
980 2544 1136 2623 diximuS,
1160 2562 1263 2625 usque
1286 2543 1326 2605 ed
1349 2564 1376 2606 a.
1396 2543 1425 2605 d.

207 2677 210 2683 ·
253 2648 341 2713 Vlll.
371 2650 426 2713 ld:
458 2670 539 2733 quae
563 2671 637 2714 cum
660 2652 705 2714 ita
728 2652 805 2731 sint,
836 2671 900 2714 uon
923 2652 1017 2714 video
1044 2671 1102 2714 cur
1124 2650 1321 2727 dubitemne,
1346 2651 1424 2732 quin

252 2755 311 2818 hcc
334 2758 403 2839 ipso
428 2758 478 2820 die
502 2759 553 2821 vel
576 2759 671 2842 paulo
700 2765 772 2842 post
793 2760 916 2822 litterae
940 2760 1074 2841 scriptae
1098 2759 1169 2820 sint.
1199 2777 1304 2840 neque
1328 2757 1425 2820 verba

252 2864 282 2944 (ᾗ
302 2866 322 2926 4
341 2864 413 2948 in.):
439 2884 558 2950 „nunc‚
582 2865 639 2928 etsi
660 2865 767 2928 omnia
785 2872 841 2929 aut
860 2865 976 2947 scripta
994 2883 1062 2928 esse
1077 2859 1105 2926 'a
1128 2864 1193 2927 tuis
1215 2864 1351 2939 arbitror
1369 2872 1425 2926 aut

150 2969 152 2974 ’
252 2971 345 3034 etiam
374 2971 496 3034 nuntiis
526 2990 562 3032 ac
593 2989 720 3033 rumore
750 2971 870 3052 perlata
894 2990 919 3032 e.
944 2991 972 3052 q.
999 2972 1040 3032 s.“
1064 2970 1140 3032 huic
1163 2971 1274 3032 rationi
1301 2969 1424 3034 obstare

250 3085 371 3160 putem,
405 3098 478 3141 cum
511 3077 620 3140 Cicero
653 3077 808 3160 imprimis
841 3077 880 3140 de
913 3077 1034 3140 reditus
1066 3077 1233 3160 splendore
1269 3079 1424 3159 cogitasse

252 3185 397 3248 rideatur
416 3192 511 3268 atque
537 3185 664 3268 saepius
684 3185 848 3247 444160-
869 3192 938 3248 turn
956 3185 988 3247 in
1009 3183 1106 3267 Epiro
1133 3185 1371 3266 commorandi)
1383 3223 1423 3230 -

251 3312 270 3356 o
292 3294 359 3356 suis
388 3294 518 3356 nuntios
541 3293 653 3357 allatos
677 3311 745 3356 esse
774 3292 947 3374 quominus
970 3293 1139 3374 opinemur
1161 3292 1241 3354 nibil
1264 3292 1423 3376 impediat.

250 3405 411 3482 praeterea
430 3401 537 3470 nescio
556 3419 595 3464 an
617 3399 739 3482 aliquid
759 3400 862 3464 valeat
880 3400 920 3462 ud
939 3399 1156 3463 deliniendum
1175 3405 1313 3482 tempus,
1337 3401 1424 3482 quod

251 3516 463 3526 ———-—...

340 3559 366 3624 1)
385 3557 436 3611 huc
455 3560 488 3612 de
507 3575 535 3611 re
554 3559 706 3613 accuratius
725 3561 804 3627 atque
824 3558 934 3612 uberius
952 3558 1006 3628 egit
1024 3557 1060 3611 M.
1077 3558 1205 3627 Lange:
1225 3558 1258 3610 de
1271 3558 1325 3612 Cic.
1339 3558 1424 3613 altera

250 3649 310 3714 post
328 3647 443 3700 reditum
463 3649 592 3715 oratione,
613 3648 690 3716 1875,
711 3664 735 3716 p.
756 3648 790 3701 18
810 3664 849 3716 sq.

339 3738 577 3806 ffimpffim

340 3827 367 3894 3)
387 3828 441 3882 Cic.
461 3844 508 3895 pro
526 3826 617 3882 Planc.
637 3827 680 3895 30,
701 3828 743 3882 74.

338 3919 366 3986 4)
387 3918 419 3969 cf.
438 3916 475 3970 M.
493 3917 584 3986 Lange
603 3934 628 3985 p.
645 3919 679 3970 24
697 3933 750 3986 sq.;
775 3917 925 3970 Drumanni
944 3919 981 3980 (ll
1000 3936 1025 3986 p.
1038 3918 1119 3986 303⁴)
1138 3917 1253 3986 opinioni
1272 3918 1317 3986 (de
1335 3919 1422 3987 priore

250 4021 368 4060 annonae
387 4006 496 4059 caritate
509 4007 658 4075 cogitantis)
678 4007 751 4060 nullo
770 4007 848 4061 modo
862 4024 1005 4076 possumus
1022 4008 1157 4074 assentiri3
1177 4009 1209 4061 de
1222 4008 1281 4064 eius
1293 4010 1423 4064 sententia

250 4095 282 4148 cf.
296 4095 332 4149 M.
347 4096 437 4165 lange
457 4113 480 4163 p.
497 4096 537 4150 15.

338 4186 365 4252 5)
385 4185 580 4244 animadvertas
599 4186 696 4240 formos
715 4187 843 4254 temporis
862 4187 1017 4254 praesentis.

338 4275 365 4343 6)
385 4275 584 4330 cf.D1umann.
605 4275 630 4328 V
649 4293 673 4345 p.
693 4276 735 4332 21.
