3259 5042
697 285 908 348 ..27-

216 465 354 548 plebeios
366 467 385 543 ¹)
420 485 487 528 esse
525 465 807 546 intellegendos32)
847 465 982 546 epistula
1018 465 1116 546 igitur
1155 483 1199 525 ea.
1229 463 1276 524 ld.
1308 452 1407 524 Nous

217 553 332 655 scripta
355 579 416 652 est,
447 580 497 635 ut·
512 573 645 652 videtur,
675 574 707 634 in
736 572 923 659 Tusculano,
954 591 1028 634 cum
1057 572 1172 633 cotidie
1200 572 1320 632 litteras
1350 571 1389 632 ab

216 681 323 742 Attico
348 679 455 742 Cicero
479 686 675 762 exspectaret
699 680 748 762 (cf.
770 679 895 741 Gruber
917 699 946 761 p.
968 680 999 759 7)
1086 701 1088 707 ·

306 787 474 850 Difficilius
497 788 624 850 videtur
648 788 778 850 delinire
802 793 928 869 tempus

293 965 356 1048 Ep.
380 965 424 1030 ad
449 966 533 1030 iam.
554 967 584 1031 Ι.
609 967 647 1031 8:
673 967 713 1028 ll.
734 965 843 1028 Cicero
868 967 897 1028 S.
917 965 954 1028 D.
975 930 1009 1027 P
1029 964 1163 1027 Lentulo
1188 964 1314 1027 Proeos,

217 1091 475 1154 Schuetzius:
502 1113 559 1156 scr.
578 1091 698 1154 Romae
722 1114 746 1153 a.
769 1112 796 1154 11.
817 1112 842 1156 c.
864 1093 937 1154 698.

219 1197 392 1261 Gruber:
419 1219 500 1262 anno
526 1201 598 1263 699.

218 1305 370 1368 Baiter:

217 1411 543 1495 Wesenbergius:

308 1518 368 1593 Qui
404 1522 463 1582 viri
500 1541 608 1582 ornnes
641 1540 687 1602 ep.
712 1520 876 1602 Pompam,
915 1519 1026 1583 Crasso
1064 1520 1249 1583 consulibus
1280 1526 1394 1601 putant

217 1629 378 1709 scriptam:
406 1630 457 1689 vix
481 1629 547 1690 iure
567 1630 684 1710 opinor.
709 1636 784 1690 suut
803 1630 887 1690 enim
906 1629 1072 1708 nonnulla,
1093 1628 1210 1710 quibus
1230 1634 1394 1689 utcontra

217 1737 350 1797 sentiam
383 1755 590 1798 commoveor.
630 1737 768 1818 primum
801 1736 974 1798 admodum
1010 1735 1134 1815 dubito,
1169 1755 1247 1798 num
1284 1733 1392 1801 Cicero

199 1860 200 1864 ’
218 1844 393 1924 scripturus
411 1829 507 1905 luerit
526 1846 557 1925 (ξ
579 1844 611 1925 5)
631 1844 722 1906 haec:
748 1843 954 1925 „Pompeium
977 1843 1035 1906 tibi
1053 1843 1145 1906 valde
1168 1845 1305 1919 amicum
1325 1862 1394 1904 esse

217 1952 353 2032 cognovi
381 1956 411 2012 et
435 1969 471 2012 eo
501 1955 535 2011 tu
566 1950 726 2012 consule.
751 2000 757 2012 .
782 2000 788 2011 .
814 1951 932 2029 omnia,
966 1970 1047 2031 quae
1077 1949 1178 2028 voles,
1209 1948 1393 2028 obtinebis‘,

219 2059 245 2120 si
265 2058 292 2118 is
312 2058 372 2118 ianr
393 2057 505 2118 consul
525 2056 637 2119 fuisset
654 2077 727 2139 pro:
749 2077 838 2137 „cum
859 2059 886 2119 is
905 2059 946 2120 sit
965 2057 1103 2136 consul‘,
1123 2057 1282 2137 similique
1300 2055 1394 2117 modo

217 2163 314 2225 vaca
330 2166 359 2244 (ἕ
374 2165 422 2245 4);
448 2165 566 2244 „otium
585 2164 675 2226 nobis
696 2164 913 2248 exoptandum
932 2164 1088 2246 estquod
1106 2165 1137 2244 ii,
1152 2165 1207 2245 qui
1227 2165 1394 2246 potiuntur
1452 2149 1455 2156 ⁴

218 2291 333 2352 rerum,
352 2273 541 2354 praestaturi
560 2271 717 2351 videntur,
737 2274 764 2334 si
784 2272 913 2353 quidam
931 2273 1075 2333 homines
1093 2272 1264 2353 patientius
1284 2290 1394 2333 eorum

218 2381 390 2461 potentiam
413 2380 494 2442 forre
517 2381 694 2462 potuerint‘
719 2381 823 2461 aptius
847 2379 886 2442 ad
910 2384 1035 2461 tompus
1054 2385 1126 2441 sinte
1146 2380 1261 2454 initum
1280 2397 1394 2440 oonsu-

218 2488 317 2550 latum
338 2487 501 2550 referenda
514 2477 670 2550 videntur.
692 2507 886 2569 quamquam
905 2488 1082 2549 accuratius
1102 2494 1227 2569 tempus
1242 2486 1395 2568 epistulae

609 1380 666 1422 scr.
686 1359 804 1422 Romae
823 1379 937 1429 mense
960 1359 1025 1422 lan.
1046 1381 1071 1422 a.
1091 1381 1122 1421 u.
1142 1379 1167 1421 c.
1188 1361 1261 1423 699.

219 2597 414 2676 conscriptae
438 2597 493 2657 vix
517 2615 609 2677 posse
634 2597 761 2676 exquiri
783 2595 919 2674 vidctun
941 2596 1010 2656 ¹nisi
1033 2600 1200 2676 postquam
1224 2593 1395 2676 Pompeius
1419 2657 1421 2659 ,
1493 2641 1495 2644 <

219 2707 249 2763 et
281 2700 413 2764 Crassus
444 2721 478 2764 sc
509 2703 706 2764 consulatum
738 2703 891 2784 potituros
925 2703 1188 2781 concesseramus
1219 2708 1324 2763 tanren
1354 2721 1393 2763 ex

219 2810 304 2870 omni
328 2811 446 2890 specio,
471 2829 566 2890 quam
589 2810 812 2894 praesefert,
837 2809 1003 2891 epistulam
1022 2813 1160 2870 exeunte
1184 2828 1266 2896 anno
1291 2809 1395 2871 datam

219 2936 287 2978 esse
310 2916 514 2994 concludam3
540 2917 578 2978 de
602 2936 710 2978 mense
734 2917 800 2978 Ian.
819 2922 985 2998 propterca
1009 2935 1074 2977 non
1098 2916 1276 2997 cogitarim,
1308 2915 1400 2995 quod'

219 3028 286 3084 tum
306 3025 430 3086 comitia
448 3043 545 3105 prope
565 3023 730 3102 instabant,
751 3023 790 3085 de
810 3021 927 3104 quibus
946 3024 1051 3084 nescio
1071 3043 1110 3084 an
1132 3020 1239 3084 Cicero
1259 3020 1394 3084 Lentulo

219 3132 396 3213 scripturus
419 3131 514 3193 l'uerit
538 3140 568 3193 et
591 3131 729 3192 niaximc
754 3131 792 3192 de
816 3132 1005 3212 interregno
1387 3139 1389 3141 ’

520 3324 1094 3424 11169Ὴε16ὣ1

474 3503 537 3585 Ep.
557 3503 601 3568 ad
622 3506 684 3592 Qu.
706 3504 753 3568 i‘r.
774 3505 825 3569 ΙΙ.
846 3505 864 3569 7
889 3506 950 3587 l:
968 3505 1009 3567 ll.
1030 3508 1050 3567 9
1071 3505 1142 3583 Or).

219 3664 475 3727 Schuetuius:
501 3685 558 3727 scr.
578 3664 696 3728 Romae
720 3667 845 3729 circiter
867 3666 913 3729 ld.
933 3665 1022 3728 Febr.
1043 3688 1068 3728 a.
1089 3687 1118 3730 u.
1139 3686 1163 3727 c.
1185 3668 1257 3728 698.

222 3772 394 3835 crubor:
421 3792 464 3833 ca.
484 3772 529 3834 lo.
550 3771 639 3834 Febr.

219 3878 353 3941 Hoffa:
379 3900 436 3941 scr.
456 3879 574 3941 Romae
598 3881 721 3942 circiter
744 3880 789 3942 Id.
811 3880 909 3942 Maias
934 3902 959 3942 a.
979 3901 1009 3942 11.
1030 3900 1054 3941 c.
1076 3883 1148 3943 699.

310 4075 335 4141 1)
355 4091 394 4141 pr.
408 4074 477 4127 Nou
490 4073 559 4128 Nor.
574 4090 659 4141 usquo
678 4075 710 4126 ad
730 4075 792 4127 ad.
812 4074 889 4129 XIV.
908 4075 968 4128 Kal.
982 4075 1046 4127 Dec.
1062 4074 1221 4140 celebratos⁷
1241 4074 1274 4126 cf.
1289 4073 1310 4126 1.
1324 4072 1395 4128 Mal·-

221 4164 338 4231 1111111111.Ἱ
358 4163 450 4218 Roem.
465 4164 635 4217 Staatsverw.
650 4163 693 4216 ΠΙ
706 4181 731 4230 p.
747 4164 807 4217 335.

309 4254 335 4322 2)
356 4254 452 4322 quibus
472 4256 607 4308 senatores
626 4254 753 4308 interesse
772 4253 923 4321 noluerunt,
943 4256 971 4308 9.
991 4254 1041 4308 Dio
1060 4254 1107 4321 39,
1127 4253 1171 4308 39.

310 4343 337 4410 3)
357 4345 389 4396 ci.
409 4361 434 4412 p.
455 4345 497 4398 23.
