3259 5042
658 281 887 352 zaa-

194 469 224 548 (ξ
253 473 267 530 1
293 469 377 552 fin.):
412 489 516 548 „eram
546 469 686 547 Antii“1)
717 469 887 543 universae
918 468 1074 550 epistulae
1107 469 1229 530 ratione
1261 466 1366 529 habita

194 576 258 636 vim
283 576 398 638 habere
421 577 583 638 videntur:
610 581 646 637 ut
669 576 738 637 siue
762 577 1011 658 oppugnatione,
1042 577 1111 636 siue
1134 576 1236 656 gratia
1260 580 1367 637 nostra

194 683 283 744 fieret
310 684 479 763 iudicium,
510 703 546 746 eo
576 683 625 744 die
654 683 788 744 Antium
816 703 867 744 me
895 683 1105 761 contuleram,
1133 702 1177 744 se.-
1195 681 1304 744 Roma.
1326 719 1366 726 -

193 797 230 852 ut
257 810 331 852 vero
362 791 550 854 Sohuetaius
579 796 610 852 et
637 789 730 853 Hoffa
764 795 903 853 exeunte
936 809 1043 852 mense
1077 790 1170 852 Iunio
1199 789 1366 871 epistulam

194 899 343 980 scriptam
361 905 517 980 putarent,
538 917 600 960 uon
621 899 821 980 investigavi,
841 898 959 980 quibus
978 898 1082 960 eaesis
1100 904 1206 960 essent
1225 897 1366 979 permoti.

194 1005 303 1067 scribit
334 1007 419 1068 enini
450 1004 559 1068 Oieero
589 1006 677 1067 fratri
697 1006 746 1068 de
774 1001 1005 1088 supplicatione
1037 1004 1173 1067 Gabinio
1203 1004 1249 1067 Id.
1273 1003 1367 1065 Maiis

195 1113 348 1194 denegata
366 1120 397 1176 et
421 1114 508 1175 addit
527 1115 619 1176 haee:
646 1113 749 1195 „quod
768 1113 881 1175 Idibus
900 1118 931 1175 et
953 1112 1106 1195 postridie
1122 1112 1227 1174 fuerat
1246 1112 1367 1173 dietum

194 1220 233 1282 de
257 1240 333 1302 agro
358 1219 518 1303 Campano
543 1226 646 1284 aetum
672 1221 726 1300 iri,
751 1240 815 1282 non
840 1225 888 1282 est
911 1223 1044 1300 aetum‘,
1068 1220 1154 1282 unde
1178 1218 1368 1280 eonoludam

193 1308 390 1410 eodemque
414 1329 491 1390 haee
514 1329 597 1390 faeta
620 1334 725 1390 essent
748 1346 858 1389 mense
887 1328 906 1389 i.
933 1347 957 1389 e.
985 1326 1068 1389 Maio
1099 1327 1267 1408 epistulam
1298 1343 1367 1387 esse

140 1423 143 1427 ⁸
193 1437 417 1517 conscriptarum
444 1435 529 1518 quod
553 1437 660 1498 neseio
685 1455 724 1496 an
749 1435 955 1497 confirmetur
978 1436 1027 1497 bis
1048 1418 1301 1497 commemoratis
1320 1433 1366 1495 ld.

193 1549 228 1604 ut
260 1543 344 1604 haud
378 1543 433 1604 diu
467 1543 652 1625 praeteritis.
687 1549 770 1605 oerto
798 1543 934 1624 epistula
961 1550 1032 1624 post
1060 1541 1165 1604 XVII.
1195 1540 1264 1606 Kal.
1294 1541 1365 1604 Iun.

193 1650 266 1712 data
290 1656 338 1712 est
360 1669 465 1732 neque
491 1651 603 1732 opinor
632 1650 732 1711 multo
756 1656 844 1731 post3
876 1669 962 1713 unus
993 1648 1118 1711 Gruber
1147 1649 1275 1711 videtur
1297 1669 1368 1711 eam

193 1759 291 1829 Antio
317 1758 421 1820 datam
444 1764 585 1840 putasse,
609 1757 663 1820 sed
687 1759 757 1820 iuro
776 1776 872 1819 nemo
889 1777 963 1818 eum
982 1764 1029 1820 est
1048 1764 1185 1821 seoutus.
1210 1755 1367 1831 Quintum

193 1867 278 1927 enini
298 1886 338 1942 er
358 1866 465 1928 Sieilia
484 1867 669 1928 redeuntem
686 1865 804 1928 Ostiam
827 1866 986 1947 appulisse
1006 1867 1177 1941 verisimile
1196 1870 1256 1945 est,
1280 1866 1367 1927 uude

191 1975 281 2054 prius
312 1973 444 2036 Rolnam
473 1975 618 2056 pervenit
647 1967 742 2055 qinim
772 1973 869 2035 frater
893 1973 1006 2051 Anti03
1041 1980 1182 2036 osterum
1210 1980 1246 2036 ut
1276 1975 1367 2035 Antii

191 2081 355 2162 scriberet,
379 2081 493 2143 addere
509 2079 693 2142 Ciceronem
712 2081 887 2163 oportebat,
908 2080 1037 2162 quando
1051 2080 1185 2143 Romam
1204 2081 1366 2143 rediturus

191 2187 242 2248 vel
267 2187 321 2249 ubi
344 2189 473 2250 fratrem
498 2193 580 2250 esset
603 2193 855 2269 exspectaturus.

274 2382 337 2464 Ep.
361 2382 405 2447 ad
430 2381 515 2447 farn.
540 2383 571 2446 Ι.
591 2383 626 2447 7:
652 2382 692 2445 M.
713 2382 823 2445 Oioero
847 2382 876 2446 S.
897 2381 933 2444 D.
954 2383 987 2446 P.
1007 2382 1144 2446 Lentulo
1168 2344 1294 2448 Prooos

192 2525 455 2587 Schuetzius:
482 2546 539 2587 ser.
559 2525 677 2586 Romae
701 2541 810 2587 mense
835 2525 959 2587 oiroiter
982 2525 1066 2589 Maio
1090 2547 1116 2589 a.
1138 2545 1167 2588 u.
1187 2547 1211 2590 o.
1234 2529 1306 2591 697.

193 2632 367 2694 Gruber:
399 2633 493 2695 lunio
518 2638 573 2695 aut
597 2633 681 2695 Sext.
703 2636 792 2713 soal)

117 2800 120 2803 .
192 2741 372 2822 Suepflo:
398 2761 455 2802 sor.
475 2740 594 2803 Romae
618 2737 756 2802 exeunte
779 2759 888 2802 mense
913 2741 1046 2814 Quintili
1070 2762 1095 2802 a.
1118 2762 1146 2804 u.
1166 2761 1190 2803 o.
1212 2745 1285 2804 698.

193 2847 346 2910 Baiter:
404 2913 406 2918 ,
882 2921 885 2923 Α
950 2918 952 2921 .
1018 2902 1023 2912 .
1143 2881 1146 2886 ·

192 2954 516 3036 Wesenbergius:
583 2920 640 2963 ser.
660 2900 778 2963 Rornae
803 2920 910 2962 menso
930 2899 1045 2962 Martio
1065 2923 1093 3015 a.
1111 2922 1141 2963 u.
1162 2924 1186 2963 o.
1208 2904 1280 2966 698.

281 3079 329 3142 De
348 3084 498 3161 tempora
523 3089 586 3160 quo
607 3079 740 3160 epistula
760 3086 843 3141 esset
861 3079 990 3160 seript'a3
1012 3079 1205 3158 singularem
1226 3081 1366 3164 disputa-

192 3189 309 3250 tionem
329 3188 466 3249 inslituit
484 3185 522 3247 K.
542 3185 590 3250 lo.
610 3185 857 3268 normannus-‚n
878 3207 941 3268 qua
965 3186 1095 3250 Hieron.
1114 3187 1366 3271 Ragazoniunr‘l)

192 3301 223 3358 et
247 3293 334 3357 Paul.
360 3294 572 3372 Mammam)
603 3295 642 3356 do
672 3314 754 3356 anno
779 3315 804 3356 a.
833 3315 863 3356 u.
890 3315 914 3358 o.
942 3285 1006 3358 698
1030 3295 1134 3377 (aerae
1158 3294 1366 3378 Capitolinael

169 3404 368 3482 eogitantes
398 3402 568 3484 redarguit.
599 3403 649 3464 uir
679 3401 732 3464 illo
764 3402 877 3466 doetus
907 3402 1063 3464 iud'ieium
1097 3405 1263 3486 coniungit
1293 3425 1367 3466 oum

282 3633 308 3699 1)
329 3649 409 3700 qumn
434 3633 613 3685 oooieoturam
638 3632 786 3685 rectissime
810 3633 839 3683 in
864 3635 968 3684 textum
993 3635 1127 3700 receptam
1155 3634 1275 3699 arbitron
1305 3652 1367 3687 oum

192 3723 264 3790 quod
282 3738 310 3773 se
330 3722 429 3774 aluisse
449 3721 522 3774 fratri
542 3722 684 3788 scriberet,
705 3722 812 3774 ubinam
833 3722 928 3774 fuisset
952 3722 1105 3776 Ciceronem
1124 3722 1253 3775 adiecisse
1272 3724 1366 3776 verisi-

193 3811 335 3863 millimum
354 3812 396 3864 sil.
830 3852 832 3855 .
901 3878 903 3881 Ι

281 3903 308 3963 2)
328 3900 366 3954 sie
385 3919 409 3968 p.
432 3901 460 3965 ῖς
484 3901 549 3953 vitio
569 3919 592 3968 p.
614 3901 630 3952 6
652 3901 746 3968 „Sopt“
767 3901 873 3969 legitur.

281 3990 308 4058 3)
329 3990 397 4058 Allg.
413 3990 548 4058 Seliulztg.
564 3990 633 4043 1829
649 4007 691 4042 no.
706 3991 748 4044 88.
768 3991 802 4043 89
821 3990 857 4059 (z
867 3990 1039 4057 gesammelte
1056 3990 1188 4043 Abhandl.
1204 4009 1229 4058 p.
1240 3993 1365 4060 ‘aa-38).

280 4080 308 4148 4)
330 4080 357 4132 Ρ.
369 4079 480 4132 Maeotii
500 4080 706 4134 commentarius
725 4080 753 4132 iu
765 4080 799 4132 M.
815 4081 842 4134 Τ.
858 4082 910 4134 Cio.
922 4081 997 4148 epist.
1009 4081 1043 4132 ad
1057 4081 1125 4145 dir.;
1144 4082 1277 4134 aooodunt
1295 4081 1366 4133 eius-

193 4170 252 4221 dem
272 4169 374 4221 soholia
392 4173 424 4221 et·
436 4169 543 4222 Hieron.
566 4169 728 4244 Ragafaonii·
753 4210 759 4223 ·
784 4209 789 4220 ·
814 4170 1031 4238 rauranum-ius
1052 4187 1108 4224 our.
1131 4171 1192 4227 cnr.
1208 4174 1238 4224 e.
1258 4171 1368 4226 Richter

192 4258 378 4326 (apameo),
398 4259 426 4310 u
445 4276 469 4325 p.
487 4258 546 4310 aar
609 4241 612 4246 ’

282 4347 309 4416 5)
329 4348 363 4400 ib.
383 4349 396 4401 i
415 4365 440 4426 p.
461 4347 503 4414 57,
