3259 5042
741 321 952 385 „40-

260 497 396 578 litterae,
424 504 460 561 ut
490 495 644 580 dirimas,
675 500 764 564 datae
794 500 945 564 videntur
972 501 1134 563 nonnullis
1163 498 1293 583 quidem
1320 498 1435 562 diebus

261 609 334 668 ante
350 603 405 667 VI.
426 604 494 669 Kal.
512 606 583 669 lun.
601 626 706 690 neque
730 613 834 670 tamen
859 609 979 689 multis,
1003 628 1077 671 cum
1100 606 1210 670 Cicero
1233 608 1267 669 in
1291 605 1436 669 Cumano

261 713 421 776 neminem
444 714 507 776 iarn
537 713 604 778 fore
633 720 744 798 putare
772 716 928 797 rideatur,
951 716 1003 779 cui
1026 715 1145 778 litteras
1168 715 1233 792 det,
1264 720 1436 796 antequam

261 817 394 882 Romam
416 820 526 884 redeat
545 823 574 902 (ξ
594 824 643 902 3);
669 828 776 886 contra
799 830 870 906 post
889 822 998 898 Quinti
1022 822 1172 907 epistulas
1195 828 1336 905 acceptas
1354 840 1437 883 non-

261 926 342 988 nulli
367 926 434 990 dies
452 930 676 1011 praeterierant
699 929 773 1013 (ib).
793 932 820 993 si
836 931 935 1012 igitur
956 930 1113 992 sumimus
1134 966 1174 974 —
1196 929 1296 1011 quod,
1316 929 1438 1012 opinor,

160 1099 163 1104 ,
263 1034 437 1096 averitate
459 1054 525 1097 non
547 1037 591 1098 ita
614 1037 751 1099 multum
774 1037 875 1100 aberit
894 1075 935 1082 —
956 1035 1141 1100 Ciceronem
1164 1037 1245 1098 hanc
1268 1036 1438 1120 epistulam

263 1141 426 1223 scripsisse
444 1141 510 1205 fera
529 1163 554 1205 a.
573 1143 601 1205 cl,
613 1142 653 1206 X.
665 1142 734 1207 Kal.
745 1143 815 1208 Iun.
832 1150 863 1207 et
882 1144 1048 1228 epistulam
1068 1145 1154 1207 illam
1165 1144 1311 1206 Arimino
1331 1143 1439 1204 datam

263 1249 420 1329 accepisse
443 1249 514 1311 cIrc.
535 1269 561 1311 a.
582 1249 610 1312 d.
630 1249 719 1312 XIV.
739 1249 823 1333 Kal,
848 1251 986 1326 Quintus
1008 1250 1073 1314 fere
1097 1273 1123 1314 a.
1144 1251 1172 1313 d.
1192 1249 1246 1313 IV.
1266 1249 1312 1312 Id.
1336 1249 1439 1312 Maias

264 1353 403 1415 Arimini
426 1354 499 1435 fuit,
523 1353 625 1418 Roma
647 1357 747 1438 igitur
769 1357 864 1440 paulo
888 1364 961 1420 ante
974 1357 1065 1420 Non.
1089 1359 1107 1420 i.
1128 1377 1153 1420 e.
1174 1358 1304 1419 ineunte
1327 1375 1439 1418 mense

264 1458 372 1539 Maio¹l
396 1462 554 1545 profectus
578 1471 637 1544 est,
662 1464 814 1546 quesere
838 1471 978 1548 ternpore
1001 1463 1125 1526 Tullius
1148 1465 1183 1526 in
1207 1463 1386 1527 Cumanum
1406 1469 1440 1524 et

264 1565 493 1651 Pompeianum
517 1589 550 1633 se
574 1571 744 1634 contulisse
767 1572 902 1635 videtur.
929 1572 991 1634 huc
1015 1572 1162 1654 quadrat,
1186 1571 1274 1653 quod
1298 1569 1439 1646 Quintus

264 1694 289 1736 a.
317 1675 345 1737 d.
372 1675 427 1739 VI.
452 1677 497 1739 ld.
523 1676 635 1758 Maias,
666 1697 739 1740 oum
762 1678 889 1742 AttIcus
912 1677 1012 1741 Roma
1036 1679 1176 1759 exiret,²)
1207 1678 1247 1740 ad
1271 1676 1440 1741 Caesarem

264 1781 326 1844 iam
352 1789 419 1846 erat
441 1784 607 1867 profectus.
633 1805 715 1867 quae
739 1805 812 1848 cum
835 1788 879 1848 ita
903 1788 979 1866 sint,
1003 1786 1081 1849 mibi
1103 1804 1169 1848 non
1192 1785 1344 1869 probatur
1366 1805 1440 1847 sen-

264 1892 361 1952 tentia
392 1910 514 1971 eorum,
544 1893 599 1974 qui
631 1891 783 1967 Quintum
818 1913 927 1956 mense
960 1893 1072 1956 Martio
1104 1893 1145 1956 ad
1178 1892 1343 1956 Caesarem
1374 1893 1440 1956 isse

263 2003 389 2080 putent,
422 2005 457 2062 ut
489 1999 665 2082 Abelren,²·³)
699 2001 832 2082 Gruber,
864 2000 982 2081 Frey.⁴l
1015 2003 1131 2085 scripta
1162 2008 1209 2063 est
1239 2000 1374 2083 epistula
1404 2001 1441 2061 in

265 2104 407 2168 Cumano
430 2107 483 2168 rel
507 2106 699 2191 Pompeiano
725 2109 754 2190 (ξ
782 2111 825 2188 1),
848 2110 933 2171 villis
963 2128 1060 2192 parvo
1083 2109 1168 2170 inter
1191 2128 1224 2170 se
1248 2106 1441 2170 distantibus

264 2212 440 2275 intervallo.

447 2373 511 2456 Ep.
531 2372 574 2438 ad
599 2373 684 2440 fam.
705 2374 787 2439 vll.
807 2375 846 2439 6:
871 2373 979 2437 Cicero
1003 2375 1033 2438 S.
1053 2374 1090 2437 D.
1109 2375 1261 2439 Trebatio,

266 2514 529 2579 Schuetzius:
559 2536 616 2579 scr.
636 2515 755 2580 Romae
779 2537 887 2580 mense
910 2517 1024 2580 Martio
1049 2538 1075 2579 a.
1095 2538 1125 2580 n.
1146 2537 1170 2579 c.
1196 2519 1268 2580 699.

266 2621 442 2686 Gruber:
473 2623 544 2686 Mai.

266 2728 448 2813 Suapfle:
474 2751 531 2793 sor·
551 2730 669 2794 Romae
693 2752 801 2795 mense
826 2732 910 2795 Maio
934 2753 1010 2794 au.
1030 2751 1055 2794 o.
1077 2733 1149 2796 700.

266 2835 384 2918 Frey:
415 2838 471 2900 der
499 2835 590 2901 Brief
614 2839 655 2901 ist
682 2839 725 2901 im
754 2839 817 2902 Mai
849 2843 891 2902 54
919 2839 1139 2922 geschrieben,
1174 2839 1221 2902 als
1252 2837 1365 2900 Caesar
1394 2839 1441 2899 lm

448 2944 571 3028 Begriff
586 2947 691 3027 stand,
710 2949 822 3010 seinen
840 2949 973 3010 zweiten
991 2946 1132 3030 Feldzug
1151 2929 1232 3010 nach
1252 2945 1440 3008 Britannien

448 3059 642 3117 anzutraten.
859 3047 861 3051 ’

267 3159 425 3223 Baiter:

267 3265 598 3351 Wesenbergius:

356 3371 501 3456 Epistula
524 3377 639 3458 scripta
658 3381 705 3439 est
723 3377 885 3459 aliquanto
904 3381 976 3460 post
999 3395 1044 3459 ep.
1066 3373 1135 3437 VII.
1156 3377 1190 3455 5,
1215 3375 1300 3456 quod
1319 3370 1441 3436 Balbus

266 3481 392 3542 interim
417 3481 456 3543 ad
476 3479 642 3546 Caesarem
664 3481 823 3566 profectus
852 3484 946 3564 eique
968 3481 1133 3544 Trebatius
1155 3482 1219 3543 iarn
1243 3483 1382 3564 saepius
1406 3486 1443 3545 ut

267 3589 402 3671 videtur,
433 3595 499 3653 erat
527 3591 781 3670 commendatus;
814 3591 887 3653 data
915 3596 974 3671 est,
1005 3609 1068 3672 quo
1100 3595 1239 3672 tempore
1263 3587 1378 3651 Caesar
1400 3589 1441 3651 ad

269 3699 444 3762 exercitum
467 3698 666 3781 profecturus
686 3703 765 3779 erat,
790 3703 897 3761 tamen
915 3704 1084 3780 antequam
1106 3695 1215 3759 Cicero
1234 3698 1303 3759 eius
1321 3696 1442 3758 litteras

659 3237 716 3279 scr.
736 3215 855 3280 Rornae
879 3236 987 3280 mense
1010 3216 1094 3279 Maio
1119 3237 1145 3278 a.
1165 3236 1195 3278 u.
1216 3235 1241 3277 c.
1263 3215 1335 3278 700.

268 3807 448 3890 accepisset,
465 3807 583 3888 quibus
597 3807 714 3889 gratias
730 3811 845 3889 ageret,
861 3805 948 3887 quod
961 3804 1141 3868 Trebatium
1160 3804 1200 3866 ad
1216 3822 1250 3866 se
1263 3804 1441 3883 misissetz⁵l

402 4019 551 4073 Drumann.
564 4020 604 4073 VI
622 4037 647 4087 p·
662 4019 727 4086 7333
747 4019 819 4087 quod
836 4017 926 4072 nascio
946 4034 980 4071 un
998 4017 1080 4071 totius
1099 4033 1139 4085 op.
1154 4016 1242 4070 colore
1261 4015 1440 4069 confirmetur.

404 4109 437 4162 ad
457 4111 512 4164 Att.
532 4109 580 4162 IV.
600 4109 648 4176 14,
668 4111 693 4163 1.

403 4198 496 4253 Cicero
514 4199 542 4252 in
561 4199 651 4252 seinen
669 4197 790 4268 Briefon,
809 4197 933 4252 Hannon.
953 4196 1031 4264 1835,
1050 4213 1075 4264 p.
1092 4195 1146 4250 160
1164 4197 1224 4249 adn.
1237 4196 1263 4248 1.

403 4287 527 4358 Einleitg.
543 4306 569 4357 p.
583 4289 614 4355 93
632 4289 656 4342 is
676 4288 726 4342 sibi
743 4305 797 4342 non
815 4288 881 4342 satis
901 4289 1025 4341 constans
1038 4286 1089 4338 fuit
1103 4303 1129 4354 p.
1140 4286 1175 4338 64
1188 4287 1221 4338 ad
1234 4302 1274 4354 ep.
1286 4283 1405 4338 XVIIII.

405 4380 438 4434 of.
458 4396 499 4448 ep.
518 4379 552 4432 ad
572 4379 622 4444 Qu.
642 4377 673 4432 fr.
692 4379 728 4433 Π.
748 4379 790 4446 13,
810 4379 836 4434 3.
