3259 5042
711 269 750 276 .,
799 230 923 294 12..

229 429 325 472 uno-m
360 410 422 471 sint
455 410 673 486 coniciendum
708 417 784 473 sunt
816 418 923 473 tamen
954 429 1008 472 eae
1040 415 1145 492 partes
1178 406 1312 472 diversis
1345 409 1409 472 diei

229 515 424 598 temporibus
448 519 658 600 conscriptae:
685 537 731 600 ep.
752 519 771 580 2
792 524 864 580 unte
887 517 993 580 lucem
1013 518 1045 599 (ξ
1065 521 1086 580 4
1104 516 1169 599 in),
1188 536 1235 600 ep.
1254 520 1276 580 4
1295 523 1407 579 senatu

230 622 335 688 habito
360 626 392 708 (ξ
420 623 459 708 1).

605 749 668 832 ΕΙ.
693 749 737 814 ull
762 751 826 838 Qu.
851 748 901 814 fr.
923 749 975 814 ll.
1000 749 1032 815 2.

299 877 302 882 '
319 871 419 937 Datne
439 882 514 937 sunt
532 875 655 938 litterae
674 873 763 937 XIV.
779 873 848 936 Kal.
868 873 957 938 Febr.
978 875 1035 957 (ep.
1055 872 1157 955 extri),
1177 845 1263 955 quod
1282 880 1408 956 tempus

185 1067 187 1074 Ι
230 982 351 1044 iustum
372 1001 440 1044 esse
458 981 554 1045 rebus
571 983 722 1046 enarratis
739 982 925 1045 declaratur.
945 1002 1020 1071 nom
1036 982 1070 1042 in
1086 982 1150 1062 §Q
1169 980 1224 1043 nbi
1242 981 1405 1063 leguntur:

231 1088 351 1168 „edicta
379 1095 455 1152 sunt
478 1091 534 1174 (sc
558 1089 697 1172 comitio)
721 1111 747 1154 a.
768 1090 796 1152 d.
817 1089 875 1152 XI.
903 1086 971 1152 Kal.
992 1088 1109 1165 Febr.“5
1137 1087 1406 1169 aWesenbergio

232 1197 408 1258 rectissime
435 1199 477 1259 in
505 1198 694 1280 praepositio
718 1198 837 1260 inserta
860 1202 920 1277 est,
949 1196 1135 1279 praesertim
1157 1215 1230 1257 cum
1255 1213 1320 1257 non
1343 1201 1408 1256 tom

232 1302 345 1366 referat
368 1323 431 1385 quo
456 1303 507 1366 die
531 1323 627 1388 quom
650 1305 684 1366 in
708 1323 804 1386 quem
828 1303 912 1368 diem
936 1304 1039 1368 edicta
1062 1304 1126 1366 sint
1149 1303 1284 1365 comitia.

623 1461 687 1547 ΕΙ.
711 1463 755 1530 ad
780 1462 856 1530 ntt.
880 1464 942 1530 lll.
967 1463 1025 1530 4u.

321 1586 378 1670 ΕΙ).
407 1588 447 1650 ad
475 1589 540 1652 Att.
570 1588 626 1652 IV.
656 1593 676 1653 4
709 1609 750 1652 ex
783 1590 911 1653 duobus
943 1596 1094 1654 constare
1117 1587 1260 1672 partibus
1293 1589 1410 1670 optime

232 1695 313 1758 vidit
336 1693 546 1778 Mongaltius3
578 1702 614 1760 ut
644 1717 744 1760 unum
776 1698 917 1760 afferam:
948 1697 1030 1760 Pilia
1057 1698 1091 1759 in
1119 1697 1292 1779 posteriore
1319 1690 1409 1778 porto

233 1821 317 1864 uxor
345 1803 408 1864 ium
437 1803 535 1866 Attici
564 1824 633 1868 esse
663 1805 798 1886 videtur,
829 1805 923 1868 cuius
951 1806 985 1867 in
1014 1805 1135 1887 nuptiis
1164 1801 1273 1866 Cicero
1296 1822 1342 1885 pr.
1362 1801 1407 1865 Id.

232 1907 321 1972 Febr.
346 1915 412 1972 erat
437 1913 652 1994 cenaturum:
682 1913 756 1975 inde
779 1917 908 1995 apparet
931 1913 1061 1975 alterum
1085 1931 1131 1994 ep.
1155 1914 1277 1993 partem
1300 1915 1409 1993 postea

233 2012 381 2099 scriptam
404 2037 487 2096 esse3
512 2019 647 2101 priorem
673 2026 793 2099 autem,
818 2025 975 2102 quantum
999 2019 1101 2099 video,
1124 2020 1230 2082 statim
1253 2038 1280 2080 u.
1301 2017 1329 2080 d.
1349 2016 1406 2080 ΙΙΙ.

233 2122 302 2186 Kal.
322 2123 410 2187 Febr.
431 2124 536 2188 dutum
560 2145 629 2190 esse
653 2147 762 2190 omnes
781 2129 1095 2208 consentiunt,-cum
1114 2125 1259 2188 Cincium
1284 2143 1320 2188 eo
1339 2125 1408 2206 ipso

235 2231 286 2294 die
310 2232 349 2294 ad
374 2233 518 2296 Atticum
540 2254 656 2316 pueros
679 2236 815 2314 misisse¹
828 2236 870 2298 sit
895 2239 1150 2298 consentaneum·

299 2409 362 2493 ΕΙ).
387 2410 431 2475 ud
456 2410 540 2477 fam.
565 2412 596 2476 Ι.
621 2413 684 2478 51))
707 2413 748 2475 Μ.
769 2412 879 2477 Cicero
903 2413 932 2476 S.
951 2411 989 2474 D.
1010 2412 1044 2475 P.
1062 2410 1198 2475 Lentulo
1222 2411 1348 2474 Procos,

323 2533 412 2600 Duas
444 2537 596 2619 epistulas
623 2539 698 2602 item
729 2540 763 2600 in
792 2558 890 2600 unam
919 2535 1070 2600 conflatas
1100 2536 1312 2619 seiungendas
1342 2555 1411 2598 esse

217 2627 315 2705 vvidit
348 2641 598 2726 Lallemundius,
636 2665 710 2708 oum
748 2665 879 2728 prorsus
919 2645 1045 2707 divorsa
1082 2645 1203 2706 rntionc
1241 2644 1280 2706 de
1315 2663 1411 2706 causa

234 2749 452 2813 Alexandrina
480 2750 513 2812 in
537 2755 673 2836 utraque
703 2751 812 2816 Cicero
845 2750 941 2815 verba
968 2750 1093 2814 faceret.
1122 2751 1260 2834 priorem
1287 2756 1410 2833 purtem

237 2857 268 2934 (5
278 2853 309 2938 a)
332 2861 461 2940 putant:
862 2841 865 2844 ⁴

237 2963 502 3027 Schuetzius:
528 2985 586 3028 scr.
606 2963 725 3030 Romae
749 2987 774 3028 o..
795 2986 825 3028 u.
845 2985 870 3028 c.
891 2967 955 3030 697
979 2965 1070 3027 initio
1095 2932 1213 3027 mensis
1236 2928 1331 3026 Febr.¹

238 3069 411 3134 Gruber:
437 3090 495 3134 scr.
515 3071 572 3134 ΙΙΙ.
596 3071 677 3134 Non.
698 3071 786 3136 Febr.

238 3399 419 3475 comparata
438 3412 484 3476 ep.
504 3394 543 3456 ad
564 3392 622 3468 Qu.
636 3395 672 3458 fr.
691 3393 733 3458 ΙΙ.
753 3398 772 3458 3
793 3395 826 3478 (ξ
843 3395 873 3476 1)
892 3395 999 3457 nescio
1019 3414 1060 3456 an
1080 3393 1290 3457 confidentius
1315 3412 1412 3474 quum

238 3501 325 3581 licet,
349 3521 422 3564 cum
441 3501 486 3564 ibi
509 3501 556 3565 nil
574 3503 636 3566 nisi
655 3503 816 3585 „interim‘⁸
837 3522 878 3566 sc.
896 3504 978 3565 inter
1001 3523 1026 3564 a.
1047 3502 1075 3564 d.
1096 3501 1152 3564 IV.
1171 3499 1252 3563 Non.
1279 3506 1310 3564 et
1323 3500 1411 3562 Vlll.

238 3608 284 3671 Id.
308 3608 396 3672 Febr.
423 3607 574 3674 Catonem
604 3610 706 3694 legem
738 3611 776 3673 de
805 3610 937 3692 imperio
965 3607 1101 3670 Lentulo
1130 3607 1311 3691 abrogando
1341 3628 1413 3691 pro·

238 3717 399 3800 mulgesse
422 3717 575 3780 traditum
598 3719 646 3780 sit.

328 3875 553 3960 Epistulam
571 3879 617 3941 od
637 3877 882 3942 humiliante
902 3876 1167 3959 epbbscriptum
1182 3875 1412 3959 putatGruber,

240 3985 316 4065 quia
339 4005 484 4049 summus
507 3985 562 4049 ille
586 3987 676 4049 dolor
699 4006 739 4049 ex
759 3985 887 4048 Catonis
905 3984 1025 4047 nefaria.
1046 3983 1301 4066 promulgatione
1324 3986 1412 4043 ortus

240 4096 271 4154 et
294 4091 456 4157 silentium
480 4094 519 4156 de
542 4113 638 4156 ceusu
657 4093 876 4156 Alexandrina
900 4091 1068 4154 ostendant
1087 4110 1133 4174 ep.
1152 4091 1240 4155 illum
1262 4090 1411 4172 scriptam
1468 4116 1470 4119 ·

331 4287 357 4354 1)
377 4289 410 4341 ad
430 4287 480 4353 Qu.
495 4289 526 4342 fr.
540 4289 575 4340 Π.
595 4288 619 4355 3,
640 4289 664 4342 7.
