3259 5042
694 298 903 358 ..53-

215 473 387 536 definiendi
419 475 569 562 temporis
601 473 790 556 Barduus1)
825 475 1018 537 mentionem
1051 473 1174 536 Pansae
1186 475 1210 555 ²)
1242 473 1382 555 putavit:

215 580 271 662 qui
295 599 367 642 cum
391 599 428 642 eo
452 600 536 644 anno
560 580 645 663 apud
664 580 830 643 Caesarem
847 580 961 643 fuisset
983 586 1079 663 atque
1102 581 1171 642 eius
1195 579 1385 642 sententiam

214 687 277 748 iam
310 687 450 750 audisset
483 687 605 768 Cicera,
638 688 805 770 epistulam
838 689 988 770 scriptam
1020 707 1089 751 esse
1117 688 1184 750 dics
1216 687 1386 748 minimum
1446 681 1450 687 ’

215 794 357 876 triginta,
379 799 547 877 postquam
568 794 723 858 Gabinius
743 796 776 857 in
797 795 909 857 urbem
927 815 1074 858 reversus
1093 799 1262 857 accusatus
1286 798 1383 856 esset:

215 900 271 962 sed
289 902 464 981 nescimus,
487 921 564 964 num
588 922 622 965 re
645 921 721 964 vera
740 901 845 964 Pansa
868 902 901 963 id
925 902 1075 985 temporis
1098 903 1130 963 in
1157 901 1260 963 Gallia
1281 899 1386 980 fuerit,

215 1027 292 1070 sane
321 1008 383 1070 fuit
411 1027 495 1071 anno
525 1009 632 1091 post.³)
663 1014 709 1089 at,
740 1015 776 1071 ut
804 1009 850 1071 ibi
881 1009 990 1089 fuerit,
1019 1008 1157 1072 scribere
1187 1027 1253 1070 non
1282 1006 1387 1090 potuit

216 1112 388 1177 Gabinium
412 1135 430 1177 a
453 1114 604 1180 Cicerone
628 1116 755 1180 defendi
786 1117 974 1199 oportuisse,
1005 1121 1176 1198 antequam
1205 1115 1244 1178 de
1266 1113 1386 1176 iudicio

216 1229 298 1284 esset
321 1223 435 1284 certior
457 1221 609 1304 factus34)
639 1242 721 1305 quae
749 1223 885 1306 epistula
913 1229 985 1286 ante
1015 1242 1155 1285 mensem
1178 1220 1386 1285 Decembrem

216 1325 349 1390 Romam
369 1329 472 1391 afferri
491 1348 555 1391 non
576 1329 686 1412 potuit.
711 1334 821 1391 contra
839 1329 920 1392 hanc
939 1329 1107 1411 epistulam
1127 1334 1219 1391 autea
1237 1330 1387 1411 scriptam

216 1433 326 1497 elucet.
364 1423 555 1519 quapropter
586 1433 802 1518 Haalrhium5)
834 1437 942 1498 malim
969 1437 1061 1519 sequi
1091 1436 1293 1516 arbitratum,
1323 1455 1386 1518 quo

217 1545 357 1624 tempore
380 1542 439 1606 hae
461 1543 583 1606 litterae
608 1543 699 1606 datae
722 1550 840 1623 essent,
864 1541 968 1605 adlurc
986 1544 1019 1604 in
1040 1543 1120 1606 urbe
1137 1547 1299 1606 versatum
1318 1561 1388 1605 esse

216 1646 392 1732 Pansamr)
417 1685 458 1696 -—
488 1649 551 1712 hur
581 1650 716 1730 accedit,
747 1650 833 1733 quod
863 1655 948 1713 totus
976 1650 1062 1712 color
1091 1650 1246 1732 epistulae
1274 1650 1302 1711 is
1332 1654 1388 1729 cst,

217 1775 281 1838 quo
311 1738 468 1819 absolutio
501 1757 628 1820 Gabinii
659 1757 753 1820 modo
783 1757 866 1820 facta
897 1758 1145 1820 demonstretur:
1178 1757 1254 1820 inde
1277 1756 1388 1820 eadem

216 1862 281 1925 fere
309 1863 348 1926 de
377 1884 410 1926 re
437 1863 564 1946 publica
594 1865 769 1947 desperatio
799 1870 894 1947 atque
921 1866 955 1926 in
985 1885 1031 1947 ep.
1060 1865 1101 1927 ad
1124 1866 1189 1928 Att.
1215 1864 1271 1927 IV.
1298 1865 1354 1942 183
1367 1864 1388 1943 7)

217 1976 376 2051 praeterea
400 1976 436 2034 ut
458 1973 492 2033 in
516 1991 562 2054 ep.
583 1975 603 2035 4
622 1973 676 2054 (ἐς
696 1975 725 2052 4,
750 1975 790 2053 5),
814 1973 861 2034 sic
882 1973 917 2033 in
941 1972 990 2035 bis
1015 1992 1142 2054 quoque
1165 1972 1279 2034 litteris
1302 1971 1390 2032 fratri

218 2077 327 2140 scribit
338 2078 376 2141 de
389 2078 535 2140 versibus
551 2099 570 2140 a
587 2099 621 2141 se
635 2079 750 2161 petitis
765 2079 804 2142 de
817 2079 1007 2141 bibliotheca
1024 2079 1201 2162 supplenda
1213 2080 1264 2159 (ἐξ
1274 2082 1303 2159 4,
1314 2076 1389 2158 6);8)

219 2185 367 2266 quocirca
386 2186 468 2247 hanc
492 2185 659 2268 epistulam
684 2205 748 2248 non
772 2187 873 2249 multo
897 2191 969 2269 post
986 2186 1058 2248 illas
1082 2187 1233 2269 scriptam
1252 2189 1389 2268 apparet,

218 2292 236 2353 i.
257 2311 282 2353 e.
307 2297 445 2355 exeunte
468 2313 577 2356 mense
602 2291 730 2356 Octobri
754 2295 788 2354 in
811 2293 991 2356 Tusculano
1016 2293 1066 2377 (cf.
1087 2294 1126 2374 ἓξ
1149 2299 1176 2374 1,
1196 2295 1236 2373 2).

583 2471 1028 2560 Μωψὴωἱ

219 2613 483 2676 Schuetzius:
509 2633 567 2676 scr.
587 2615 622 2675 in
640 2613 818 2676 Tusculano
838 2618 975 2676 exeunte
994 2611 1168 2675 Novembri
1188 2634 1213 2674 a.
1228 2633 1258 2676 u.
1276 2633 1301 2676 c.
1317 2615 1389 2677 699.

220 2720 390 2783 Gruber:
416 2741 464 2785 ex.
490 2720 556 2784 Oct.
581 2727 636 2783 aut
658 2722 700 2784 in.
724 2721 803 2784 Nor.

219 2825 358 2890 Hofsa:
384 2848 442 2892 scr.
461 2829 495 2894 iu
519 2828 698 2891 Tusculano
722 2833 859 2891 exeunte
882 2847 922 2889 m.
942 2825 1116 2890 Novembri
1140 2848 1165 2889 a
1186 2848 1216 2890 u.
1236 2848 1260 2889 c.
1287 2830 1359 2891 700.

220 2935 375 2999 Baiter:
424 2973 426 2977 -

585 3009 642 3052 scr.
653 2991 686 3052 in
695 2989 875 3052 Tusculano
895 3008 1003 3051 mense
1013 2987 1187 3051 Novembri
1206 3009 1232 3050 a.
1244 3009 1274 3050 u.
1285 3009 1310 3051 c.
1319 2990 1390 3053 700.
1470 3003 1474 3010 ’

221 3041 526 3126 Wesenbergius:

309 3150 425 3231 Magna
458 3150 625 3212 inundatio
657 3150 691 3211 in
726 3151 784 3212 hac
818 3149 953 3231 epistula
985 3155 1111 3211 narrata
1149 3169 1343 3232 quamquam
1374 3171 1393 3212 a

221 3256 253 3319 O.
273 3254 405 3336 Dionea)
430 3277 558 3338 quoque
577 3262 778 3336 memoratur,
801 3262 907 3318 tamen
927 3275 991 3337 quc
1010 3267 1151 3338 tempore
1169 3257 1276 3335 fuera,
1300 3277 1392 3319 accu-

220 3377 432 3390 ——-fl———-

310 3436 338 3502 1)
357 3435 375 3487 l.
395 3435 412 3487 l.
432 3452 457 3502 p.
477 3434 520 3487 35.
612 3432 639 3498 2)
660 3434 674 3499 ξ
693 3433 764 3485 5111.
855 3431 883 3500 3)
903 3433 936 3486 oi.
955 3449 996 3499 cp.
1017 3433 1051 3484 ad
1070 3432 1131 3485 iana
1152 3433 1212 3489 VH.
1234 3435 1280 3498 12,
1301 3434 1325 3484 1.

309 3525 337 3596 4)
358 3528 436 3578 antea
454 3523 625 3577 scribendum
645 3523 707 3575 suit:
730 3524 761 3574 ut
779 3521 868 3574 Pansa
886 3522 997 3588 putabat
1015 3524 1144 3589 oportere.

310 3617 338 3683 5)
356 3614 427 3682 apud
446 3614 540 3682 Pauly.
560 3613 592 3667 R.
605 3613 635 3666 E.
655 3613 696 3665 Vl
714 3630 739 3680 p.
758 3611 836 3664 2567.

310 3707 336 3773 6)
355 3706 379 3758 is
398 3705 425 3757 in
445 3704 567 3772 epistulis
586 3705 620 3756 ad
634 3702 684 3768 Qu.
699 3703 729 3754 fr.
744 3704 881 3770 praeterea
899 3717 1033 3769 nusquam
1052 3704 1284 3756 conunemoratur.

311 3796 337 3866 7)
358 3800 372 3864 ᾗ
391 3798 421 3848 2:
441 3795 581 3848 amisimus
601 3835 606 3846 .
627 3835 653 3848 ..
674 3793 789 3846 colorem
808 3794 836 3844 et
854 3791 970 3859 speciem
989 3791 1127 3859 pristinam
1147 3791 1263 3844 civitatis
1281 3807 1304 3843 e.
1318 3808 1343 3857 q.
1357 3808 1394 3856 s.;

222 3888 254 3940 oi.
269 3904 308 3954 ep.
320 3888 354 3939 ad
367 3886 416 3950 Qu.
428 3885 459 3936 fr.
470 3885 519 3938 ΙΗ.
533 3885 587 3937 bet
597 3885 638 3952 6§
657 3884 688 3936 4:
709 3929 715 3939 ,
731 3924 736 3934 .
751 3923 757 3935 .
778 3898 860 3951 angor
871 3881 974 3934 nullam
994 3898 1052 3934 esse
1071 3898 1128 3934 rem
1148 3880 1282 3949 publicam
1295 3897 1318 3932 e.
1333 3897 1357 3947 q.
1372 3897 1393 3932 s.

310 3976 337 4036 8)
357 3976 411 4028 buc
430 3975 512 4028 addas
531 3991 570 4042 ep.
591 3975 624 4026 ad
650 3972 859 4038 uu.fr.1u.4
884 3972 948 4041 §32
977 3989 1025 4041 ego
1049 3988 1112 4024 rem
1137 3972 1188 4023 hac
1212 3969 1394 4022 mediocritate

223 4066 340 4118 delector
352 4081 374 4117 e.
386 4081 410 4132 q.
422 4080 456 4116 s:
477 4081 516 4131 ep.
531 4063 610 4116 auc
621 4065 635 4131 ᾗ
648 4063 678 4114 5:
698 4055 772 4115 tenui
786 4079 837 4128 me,
851 4064 883 4114 ut
894 4064 966 4128 puto,
981 4061 1094 4130 egregie,
1109 4063 1214 4113 tautum
1228 4062 1258 4112 ut
1271 4060 1394 4123 facerem,

223 4157 352 4223 quantum
371 4170 462 4206 onrnes
481 4153 614 4206 viderunt.
634 4183 667 4190 ——
692 4168 731 4219 ep.
751 4152 769 4204 4
788 4155 803 4220 §
822 4151 853 4203 5:
873 4151 906 4203 de
923 4151 988 4203 fisco
1007 4150 1071 4218 quid
1091 4149 1175 4218 egerit
1193 4148 1293 4216 Scipio,
1313 4162 1395 4213 quao-

223 4261 279 4297 ram
294 4287 299 4298 .
314 4287 319 4298 .
335 4263 355 4310 ‚3
375 4261 415 4311 ep.
436 4243 452 4296 5
472 4246 499 4296 et
516 4243 604 4311 diii:
631 4243 663 4295 ab
683 4242 783 4295 aerario
802 4243 867 4308 puto
886 4241 1037 4294 coniectum
1056 4256 1127 4303 esse,
1148 4239 1213 4291 dum
1233 4237 1336 4290 absum.

313 4333 340 4400 9)
360 4333 403 4400 39,
422 4333 465 4385 61.
