3259 5042
680 303 892 366 ..39-

199 477 273 539 fecit
296 478 459 542 11οΑ11100
483 479 596 554 Roma,
620 486 656 543 ut
675 479 801 544 ridetur
824 501 850 543 a
870 480 901 543 d,
920 479 976 544 VI.
995 479 1042 544 Id.
1060 477 1174 562 Maias,
1196 479 1373 564 prolecto,¹)

201 605 279 666 quas
302 587 422 650 litteras
440 587 578 651 Tullium
603 589 674 650 cire.
693 588 740 651 Id.
760 589 919 670 accepisse
937 588 1109 652 verisimile
1132 595 1180 651 est
1197 595 1293 671 atque
1311 595 1372 652 sta·

199 693 256 754 tim
280 693 361 756 hanc
385 715 431 778 ep.
452 696 557 758 Attico
582 695 714 758 dedisse.

421 854 485 936 llp.
504 855 549 920 ud
573 857 637 945 Qu.
661 854 709 921 fr.
735 855 786 920 ΙΙ.
810 853 851 920 12
874 858 932 940 (=
949 855 990 919 11.
1013 859 1054 918 14
1077 853 1149 935 Ort.

199 978 459 1042 Schuetzius:
503 1002 560 1044 ser.
593 982 627 1044 in
661 979 803 1044 Cumano
836 981 888 1043 vel
920 979 1113 1063 Pompeiano
1146 997 1254 1043 mense
1287 977 1371 1042 Maio

359 1107 384 1148 a.
405 1107 435 1148 u.
455 1107 479 1149 0.
501 1089 573 1152 699.

200 1189 373 1254 Gruber:
400 1215 457 1256 sor.
482 1214 591 1257 mense
614 1195 707 1258 Maio.

199 1297 380 1381 Suepfle:
401 1321 459 1364 scr.
475 1302 508 1363 in
524 1300 666 1364 Orrnnano
681 1302 734 1364 vel
751 1300 944 1385 Pompeiano
961 1319 1069 1364 mense
1087 1299 1169 1363 Maio
1190 1321 1216 1363 a.
1228 1321 1257 1363 u.
1269 1299 1370 1363 0700.

198 1403 313 1486 Frey:
339 1407 395 1469 der
418 1406 508 1470 Brief
527 1409 569 1470 ist
590 1407 796 1490 geschrieben
820 1410 864 1470 im
888 1405 966 1488 Mai,
990 1409 1035 1470 als
1059 1405 1168 1470 Cicero
1188 1406 1245 1469 auf
1260 1407 1371 1469 seinen

380 1513 601 1598 Landguetem
634 1515 736 1578 weilte
765 1515 833 1579 und
862 1513 1000 1589 Quintus
1031 1513 1109 1578 eben
1134 1513 1215 1578 nach
1247 1512 1371 1576 Gallien

379 1641 545 1704 gegangeu
569 1601 641 1684 dar.

197 1725 335 1789 Hoffa:

197 1831 353 1896 Baiter:

198 1939 505 2025 Wesenbergius:

286 2045 517 2122 Quaerentibus
541 2050 646 2128 nobis,
671 2071 809 2133 quonam
834 2058 973 2136 tempore
996 2052 1074 2112 haec
1098 2049 1232 2134 epistula
1254 2047 1371 2131 scripte

196 2155 243 2235 sit,
263 2176 370 2219 ausam
391 2177 427 2219 ea
445 2157 604 2240 praebent,
621 2178 702 2241 quae
721 2159 755 2221 in
775 2178 822 2241 ep.
833 2159 874 2221 ad
889 2157 947 2233 Qu.
958 2157 994 2219 fr,
1005 2156 1046 2222 ΙΙ.
1065 2159 1103 2221 13
1120 2157 1186 2240 (in.)
1203 2157 1368 2238 leguntur:

197 2283 240 2342 „a
266 2263 293 2325 d.
320 2264 375 2326 lV.
400 2265 480 2328 Non.
506 2265 630 2347 Iunias,
662 2287 725 2349 quo
754 2267 805 2330 dic
836 2266 969 2330 Romam
997 2267 1071 2347 reni
1100 2285 1124 2328 e.
1152 2285 1180 2346 q.
1206 2267 1260 2326 s“:
1294 2261 1370 2324 inde

197 2372 350 2452 sequitur,
372 2379 406 2434 ut
423 2372 559 2455 (licerer)
579 2375 649 2436 0110.
668 2395 694 2438 a.
715 2374 743 2437 d.
759 2374 814 2438 Vl.
834 2373 904 2438 Kal.
924 2371 1193 2446 1111100111110110
1213 2370 1263 2434 rel
1276 2368 1369 2432 Pom·

194 2477 308 2558 peiano
323 2480 481 2562 profectus
497 2482 578 2560 sits)
590 2500 631 2544 ex
646 2501 682 2544 eo
697 2501 781 2563 vere,
797 2482 882 2564 quod
897 2481 1006 2544 scribit
1016 2486 1075 2565 (ep.
1091 2481 1139 2561 ta,
1152 2482 1195 2560 1);
1216 2498 1249 2541 se
1266 2495 1369 2559 usque

197 2585 238 2646 ad
264 2584 329 2648 Kal.
350 2587 458 2650 lunias
481 2589 575 2651 iniis
597 2590 676 2652 locis
698 2589 843 2652 futurum
862 2609 944 2670 esse,
968 2594 1096 2674 apparet
1115 2607 1188 2651 eum
1208 2583 1370 2648 nonnullis

197 2691 310 2756 diebus
325 2701 396 2757 ante
404 2694 460 2757 Vl.
474 2694 543 2760 Kal.
556 2697 625 2758 lun.
638 2702 711 2779 (quo
727 2698 883 2761 sumimus
899 2716 972 2760 eum
992 2697 1080 2759 illino
1097 2695 1271 2778 profectum
1288 2692 1369 2774 esse)

194 2797 252 2861 has
277 2800 397 2863 litteras
420 2802 556 2882 dedisse,
579 2803 664 2884 quod
686 2822 743 2866 sex
769 2803 834 2866 fere
859 2803 971 2867 diebus
995 2810 1067 2866 ante
1097 2821 1192 2885 quam
1208 2799 1370 2862 'voluisset

195 2907 230 2968 in
245 2907 356 2971 urbem
370 2909 494 2972 rediret.
515 2930 587 2972 curn
608 2911 663 2972 has
682 2910 834 2973 scriberet
848 2911 979 2991 litteras,
1000 2911 1079 2972 duas
1098 2909 1226 2970 omnino
1241 2927 1259 2968 a
1274 2905 1370 2969 fratre

196 3014 247 3092 (ad
267 3014 432 3079 Caesarem
454 3017 603 3100 profecto)
628 3017 778 3100 epistulas
802 3024 964 3100 acceperat
982 3016 1014 3100 (ᾖ
1037 3020 1051 3079 1
1073 3015 1142 3095 iu),
1165 3014 1369 3098 posteriorem

195 3121 342 3185 Arimino
373 3123 485 3188 datam.
518 3144 711 3206 quamquam
741 3132 847 3187 antem
875 3125 1048 3204 nescimus,
1079 3119 1207 3205 quando
1231 3117 1369 3194 Quintus

194 3227 296 3291 Roma
328 3233 453 3311 exierit,
486 3237 589 3294 tamen
623 3252 700 3294 num
735 3253 797 3315 qua
829 3234 950 3294 ratione
982 3231 1177 3314 reperiamus
1209 3247 1368 3292 conemur.

195 3337 258 3397 iam
277 3338 424 3420 primum,
444 3344 598 3421 quantum
618 3339 719 3421 1111100,
738 3338 820 3402 nihil
840 3338 955 3418 obstat,
980 3338 1152 3421 quominus
1171 3335 1263 3399 illum
1281 3333 1370 3398 nulla

195 3444 313 3506 maiore
336 3446 520 3529 interposita
538 3467 626 3510 mora
643 3447 828 3512 Ariminum
847 3468 880 3511 se
899 3446 1071 3512 contulisse
1089 3444 1285 3509 arbitremur.
1309 3441 1369 3505 hae

562 1803 620 1846 scr.
644 1785 678 1846 in
697 1782 840 1846 Cumano
864 1783 915 1846 vel
939 1782 1132 1865 Pompeiano
1155 1799 1263 1844 mense
1286 1778 1371 1846 Maio

843 1911 869 1954 a.
894 1911 923 1954 u.
948 1909 973 1952 0.
999 1890 1071 1953 700.

285 3641 311 3708 1)
331 3641 429 3692 tradita
446 3644 510 3694 sunt
524 3642 618 3694 verba:
642 3642 799 3708 „Vestorius
823 3683 829 3696 .
854 3685 860 3696 .
883 3658 925 3694 rne
945 3682 952 3695 .
972 3683 978 3695 .
998 3641 1061 3694 fecit
1080 3639 1218 3693 certiorem
1236 3641 1263 3690 te
1285 3637 1370 3690 Roma

195 3744 218 3782 a.
237 3729 261 3781 d.
272 3729 320 3781 Vl.
335 3729 375 3784 ld.
394 3730 478 3783 Maias
497 3733 592 3798 putare
611 3731 759 3798 profectum
779 3733 856 3785 esse“
879 3747 965 3799 neque
984 3731 1072 3783 adhuc
1091 3731 1191 3783 0111111111.
1211 3727 1288 3781 facile
1308 3725 1369 3795 quis

195 3817 338 3870 crediderit
352 3821 412 3886 post
433 3821 562 3887 „putare‘
581 3835 725 3887 pronomen
745 3837 780 3872 se
799 3835 859 3873 esse
876 3820 1048 3872 inserendum
1067 3820 1147 3886 atoue
1165 3817 1260 3872 verba:
1281 3831 1322 3884 „a
1342 3815 1368 3870 d.

194 3907 243 3960 Vl.
266 3908 304 3961 Id.
326 3909 410 3961 Maias
428 3911 522 3976 putare
542 3910 588 3961 00ιι
608 3913 782 3978 παρενθέτως
799 3908 993 3978 intellegenda:
1018 3912 1108 3961 tamen
1127 3923 1232 3975 vereor,
1251 3908 1284 3960 ut
1301 3905 1368 3960 haee

196 3996 349 4050 coniectura
367 3999 451 4065 possit
469 3999 582 4066 probari.

285 4087 312 4157 2)
331 4104 384 4156 qua
403 4089 458 4140 erat
477 4088 668 4141 consuetudine
687 4087 883 4156 proficiscendi,
904 4088 937 4141 cf.
948 4087 1106 4156 Sternlropf„
1126 4089 1230 4156 quaest.
1250 4085 1369 4140 chronol.

196 4178 246 4230 etc,
265 4193 290 4243 p.
304 4175 350 4242 373
376 4175 406 4230 O.
419 4177 449 4231 Ε.
464 4176 606 4230 Schmidt:
633 4176 667 4230 N.
687 4177 780 4231 Jahrb.
800 4177 819 4230 l.
836 4175 933 4231 Philol.
952 4193 979 4230 u.
999 4177 1113 4246 Paedag.
1132 4175 1252 4230 CXXIX
1278 4175 1368 4245 (1884)

196 4282 222 4332 p.
242 4264 302 4318 338.

285 4353 313 4418 3)
332 4354 365 4409 cf.
380 4353 410 4408 O.
423 4354 453 4408 E.
468 4353 613 4411 Schmidt:
633 4355 665 4410 de
685 4370 726 4426 ep.
746 4357 773 4410 01
791 4371 807 4408 a
826 4353 918 4410 Cassio
935 4356 963 4409 et
980 4355 1014 4412 ad
1033 4353 1155 4412 Cassium
1174 4356 1244 4409 datis
1262 4373 1288 4430 p.
1301 4355 1326 4413 ὃ.
