3259 5042
726 341 760 348 --
810 309 853 364 :ro
896 342 935 349 --

244 479 319 540 liner
338 485 371 555 (ξ
394 483 407 540 1
430 479 510 550 tint:
537 501 671 544 ...eum
692 483 718 542 is
739 479 871 542 Romam
892 483 1024 547 venerit.
1044 483 1083 543 acl
1104 503 1154 544 me
1173 485 1278 544 mittas
1297 483 1418 544 velino

244 588 378 666 epistula
409 589 506 664 igitur
532 589 645 668 surpta
675 595 721 646 tst
750 597 903 668 temporo.
935 608 999 668 quo
1029 587 1179 649 eonsules
1209 590 1258 649 rol
1283 590 1315 648 in
1341 588 1419 649 urbe

244 693 384 754 noudum
410 713 478 752 osso
501 704 630 778 possent
654 696 682 763 (i.
703 713 728 754 o.
748 700 822 754 ante
844 715 870 754 a.
887 695 916 755 d.
934 693 1007 755 llll.
1028 693 1124 758 Kall.
1147 696 1196 756 rel
1222 715 1286 776 quo
1310 696 1418 756 t'ieero

243 819 296 862 eos
327 800 467 861 nondum
502 799 633 862 Romam
667 802 835 862 revertisse
866 811 1006 882 putaret:
1040 804 1085 862 sie
1117 805 1235 884 optime
1265 801 1420 884 probatur

243 909 377 970 traditus
396 908 464 969 dies
483 928 509 969 a.
526 908 554 969 d.
574 907 609 970 l'.
627 906 705 974 Kal..
730 929 794 989 quo
815 908 924 969 nullus
942 908 1067 976 dubito.
1091 911 1168 990 quin
1189 910 1324 991 epistula
1343 929 1417 970 eou-

243 1017 357 1098 soripta
389 1018 430 1077 sit
458 1017 593 1079 (summa
618 1017 702 1077 euim
733 998 856 1078 Tullius
885 1015 1037 1096 flagrabat
1066 1017 1238 1099 eupiditate
1260 1017 1419 1085 audiendi.

243 1143 326 1205 quae
358 1123 512 1205 proximis
551 1123 663 1184 diebus
701 1134 805 1185 esseut
837 1123 931 1187 faeta.
970 1123 1105 1206 ideoque
1138 1126 1237 1187 misit.
1272 1125 1326 1185 eui
1356 1124 1418 1184 eito

242 1230 371 1292 daretur
394 1231 546 1312 epistula).
571 1236 637 1292 tum
663 1250 738 1292 sane
762 1231 899 1292 seribere
922 1233 1038 1312 potuit:
1128 1283 1161 1294 ..
1190 1243 1245 1293 aut
1268 1251 1367 1297 nune.
1390 1232 1417 1292 si

243 1339 350 1404 seiess‘
375 1339 392 1399 i.
413 1357 438 1399 e.
464 1346 536 1400 ante
561 1337 696 1399 reditum
723 1337 866 1419 Pompei.
889 1346 962 1407 ..aut
985 1359 1058 1400 eum
1083 1341 1110 1400 is
1132 1338 1265 1400 Romam
1289 1340 1419 1404 venerit.

243 1445 281 1507 ad
307 1464 357 1507 me
381 1447 485 1506 mittas
509 1444 630 1505 relim.·‘
659 1445 802 1506 eeleriter
824 1445 946 1506 litterae
970 1464 1009 1508 ex
1035 1447 1098 1508 illis
1122 1446 1305 1528 regionibus
1329 1446 1417 1507 datae

244 1551 373 1614 llomam
397 1551 608 1613 atterebantur
626 1551 676 1612 die
695 1553 835 1630 tertio¹):
862 1553 946 1634 quod
971 1555 998 1614 si
1022 1553 1072 1614 hie
1096 1556 1267 1620 sumimus,
1290 1553 1417 1615 tabella-

245 1663 309 1723 rius
333 1662 364 1722 iu
390 1658 503 1720 urbem
526 1660 669 1740 pervenit
693 1680 718 1720 a.
734 1659 762 1720 d.
778 1659 836 1721 Ill.
851 1658 935 1728 Kal..
959 1680 1023 1742 quo
1046 1661 1181 1723 dubium
1200 1680 1270 1723 esse
1288 1665 1418 1743 poterat.

243 1788 320 1830 num
345 1769 405 1828 iam
430 1766 577 1827 eonsules
601 1766 774 1854 rediissent.
801 1765 897 1828 rerba
921 1787 1051 1849 «proque
1078 1788 1125 1850 ep.
1154 1772 1191 1831 11
1214 1769 1247 1842 (ξ
1266 1771 1301 1835 21
1324 1769 1416 1829 haer:

295 1925 301 1938 .
322 1924 327 1935 .
347 1873 506 1957 perseribe
525 1873 562 1935 ad
584 1893 647 1952 me,
668 1874 743 1954 quid
763 1876 886 1956 primus
905 1875 986 1956 dies,
1005 1876 1081 1958 quid
1102 1875 1280 1937 secundus·
1299 1877 1327 1936 si
1345 1895 1417 1936 eum

244 1983 354 2046 llootio
389 1983 427 2044 de
461 1982 543 2043 ludis
579 1980 687 2043 Florae
721 1984 908 2064 arripimus,
947 1985 1120 2046 sententiae
1154 1989 1281 2044 nostrae
1312 1983 1417 2044 lavere

242 2091 399 2153 ridentur.
424 2090 557 2172 epistula
582 2091 666 2150 eninr
691 2111 716 2151 a.
732 2088 809 2152 dl'.
834 2089 932 2152 Kale
958 2090 1101 2153 Cumano
1125 2091 1197 2153 data
1220 2093 1246 2152 si
1271 2090 1328 2152 Ill.
1348 2089 1416 2151 Kal.

243 2197 372 2260 Romam
398 2198 490 2259 allata
515 2204 562 2258 est
585 2217 620 2259 ae
645 2199 749 2259 statim
773 2198 937 2280 respondit
961 2200 1099 2265 Atticus.
1123 2217 1158 2260 re
1181 2218 1257 2260 reru
1279 2181 1415 2280 primum

241 2311 271 2366 et
295 2305 472 2367 seeundum
497 2304 644 2366 ludorum
670 2305 768 2371 tlieru.
792 2307 810 2367 i.
830 2324 856 2367 e.
881 2326 906 2366 a.
926 2306 955 2367 d.
975 2306 1030 2367 ll'.
1055 2313 1085 2367 et
1109 2305 1165 2367 Ill.
1186 2304 1255 2367 Kal.
1277 2304 1416 2369 llaias.‘·'l

244 2411 422 2474 dest-ribere
445 2418 575 2494 poterat.

332 2519 464 2582 Aeeedit
484 2524 604 2598 autem,
629 2519 714 2600 quod
736 2519 920 2602 Pompeius,
944 2521 969 2581 si
991 2522 1024 2582 in
1043 2518 1170 2581 Albano
1189 2539 1214 2582 a.
1232 2518 1260 2580 d.
1277 2517 1332 2580 lV.
1348 2515 1416 2579 lial.

243 2627 391 2690 Crassum
412 2625 537 2688 volebat
557 2634 752 2708 exspeetare,
773 2647 797 2688 a.
816 2627 844 2688 d.
856 2626 927 2689 Vll.
944 2628 994 2689 rel
1006 2626 1061 2688 Vl.
1078 2625 1145 2688 Kal.
1166 2626 1241 2687 illue
1260 2625 1417 2708 profirisei

242 2735 364 2814 debuit,
395 2753 434 2795 ne
465 2754 535 2796 sero
560 2736 696 2810 reniret;
728 2753 764 2795 ao
797 2742 881 2805 tum.
912 2735 1007 2815 quod.
1029 2733 1199 2816 Pompeius
1231 2733 1270 2794 de
1303 2732 1416 2794 Crasso

242 2843 378 2914 dixerat,
398 2843 429 2903 iu
451 2844 529 2924 epll
550 2846 615 2902 erat
635 2841 954 2903 ommuemorandum.
975 2860 1148 2923 quaerum
1169 2841 1209 2902 ita
1230 2842 1293 2900 sint
1312 2857 1418 2919 neque

242 2949 319 3011 illud
338 2947 464 3011 a.d.lV.
475 2947 542 3010 Kal.
555 2949 614 3031 (ep.
628 2951 640 3010 1
652 2951 677 3027 l,
690 2946 888 3029 l)probabili
907 2947 1000 3009 modo
1020 2948 1165 3009 rideatur
1183 2967 1275 3028 posse
1293 2947 1417 3024 eorrigi,

241 3056 308 3118 dies
328 3056 480 3138 epistulae
505 3074 606 3116 nouae
622 3054 700 3116 falso
721 3055 827 3116 traditi
844 3060 926 3116 sunl.
951 3062 1035 3116 oerto
1053 3057 1170 3116 seimus
1190 3075 1215 3114 a.
1237 3053 1264 3114 d.
1276 3051 1333 3113 IX.
1346 3051 1416 3113 Kal.

242 3161 340 3225 Maias
357 3161 539 3224 Cireronem
560 3161 597 3224 ad
617 3161 798 3243 Pompeium
819 3164 851 3222 in
873 3161 1052 3224 Cumanum
1071 3163 1211 3225 venisse:
1237 3159 1417 3242 Pompeius

241 3272 361 3352 opinor,
394 3269 503 3331 eodem
535 3268 585 3329 die
618 3270 711 3330 etiam
745 3267 928 3330 Oieeronem
961 3269 1109 3329 eonvenit
1142 3287 1177 3328 ae
1211 3286 1283 3327 rum
1313 3286 1349 3327 eo
1383 3285 1417 3328 se

242 3377 405 3459 Neapolim
431 3376 578 3453 eontulit3
603 3377 748 3458 proximo
773 3376 824 3438 die
847 3377 878 3457 (i.
896 3395 920 3437 e.
936 3395 961 3436 a.
978 3373 1105 3436 d.Vlll.
1124 3372 1206 3442 Kall
1227 3373 1335 3434 Cieero
1359 3374 1417 3434 irit

241 3487 271 3548 iu
302 3485 541 3566 l'ompoiatuuu,
565 3483 650 3544 undo
674 3485 842 3545 revertisse
860 3481 987 3544 ridetur
1010 3502 1035 3543 a.
1053 3480 1163 3544 dl'll.
1179 3479 1258 3551 tou..
1283 3479 1417 3562 quodie

240 3612 353 3656 rursus
377 3591 553 3654 eolloeutus
585 3595 631 3652 est
655 3610 727 3651 oum
756 3589 921 3670 Pompeio,
947 3590 1006 3669 ,qm
1036 3607 1069 3649 se
1098 3590 1130 3648 in
1155 3588 1317 3650 Alba-num
1344 3606 1416 3669 pro-

238 3701 396 3764 fecturum
422 3699 448 3761 ei
475 3699 563 3760 dixit.
598 3698 740 3759 ordinem
764 3699 863 3775 igitur
886 3696 1094 3777 epistularum
1117 3697 1275 3757 eonstituo
1299 3697 1360 3787 sie:

534 3816 580 3906 ep.
604 3825 657 3886 10:
684 3843 741 3884 ser.
762 3843 786 3885 a.
807 3822 836 3884 d.
856 3820 897 3885 X.
918 3820 987 3883 Kal.
1007 3820 1113 3884 Maias,

534 3951 580 4013 ep.
624 3933 657 3992 9:
684 3950 741 3992 sor.
761 3951 787 3992 a.
808 3929 836 3991 d.
857 3928 944 3991 Vlll.
965 3928 1034 3990 Kal.
1060 3979 1075 3999 .,

534 4058 580 4120 ep.
604 4041 657 4102 11:
684 4057 741 4099 ser.
762 4058 787 4099 n.
808 4037 836 4098 d.
857 4035 894 4097 l
916 4035 984 4098 Kal.
1059 4086 1075 4104 ,,

330 4271 355 4335 1)
376 4272 408 4324 ol'.
424 4269 512 4321 llardt.
525 4267 542 4322 l.
556 4267 573 4321 l.
589 4235 612 4336 p
626 4267 643 4318 8
657 4285 710 4336 sip:
731 4235 796 4322 OJE
819 4266 947 4321 Sehmidt.
967 4266 984 4318 l.
999 4265 1016 4317 l.
1030 4283 1055 4332 p.
1069 4268 1094 4318 4.

329 4360 355 4430 2)
376 4359 408 4413 el.
429 4377 453 4428 p.
473 4359 508 4412 28
528 4359 587 4412 adn.
607 4359 631 4410 3.
