3259 5042
678 299 888 363 ,41-

199 497 306 542 mense
347 479 445 563 igitur
485 477 568 542 Maio
606 485 643 542 ut
679 479 807 542 videtur
843 484 995 560 exarante,
1035 483 1205 561 antequam
1245 477 1368 540 Tullius

198 585 331 649 Romam
354 587 477 650 rediret.

402 747 462 829 Ep.
486 746 541 811 ad.
567 748 630 835 Qu.
654 745 703 812 fr.
727 747 779 812 ΙΙ.
804 745 845 811 13
869 751 922 827 (Σ
941 747 981 810 ll.
1009 750 1069 809 iba
1093 745 1164 827 01).

199 871 460 935 Schuetzius:
474 921 476 925 .
492 892 548 935 scr.
568 871 686 935 Romae
709 891 818 934 mense
841 872 912 934 Iun.
932 892 958 934 a.
978 893 1008 934 11.
1028 891 1053 934 c.
1078 873 1151 934 699.

200 978 375 1042 Gruber:
400 985 470 1063 post
492 979 573 1042 Non.
599 979 667 1042 Iun.

198 1086 384 1170 Suopfle:
410 1107 467 1150 scr.
491 1085 611 1149 Romae
633 1091 704 1170 post
726 1085 807 1149 Non.
827 1087 898 1149 Iun.
918 1107 943 1148 a.
964 1107 995 1148 u.
1015 1106 1039 1150 c.
1062 1088 1133 1150 700.

198 1193 316 1274 Prey:
342 1194 398 1256 der
420 1193 510 1256 Briel
529 1195 570 1258 ist
593 1195 638 1256 im
660 1194 741 1257 duni
765 1204 823 1256 aus
845 1192 927 1256 Rom
949 1193 1164 1276 geschrieben.

197 1300 296 1362 Hoff
301 1322 332 1363 a:

198 1407 354 1471 Baiter:

197 1513 525 1599 Wesenbergius:
551 1537 609 1580 scr.
628 1517 747 1581 Romae
770 1519 903 1580 ineunte
926 1535 1035 1579 mense
1058 1515 1129 1578 Iun.
1154 1537 1180 1578 a.
1200 1536 1230 1578 u.
1250 1535 1275 1578 c.
1297 1516 1369 1579 700.

286 1623 338 1684 Ad
357 1629 481 1706 tempus
501 1626 654 1708 epistulae
678 1627 873 1708 conscriptae
896 1624 1157 1707 investigandum
1177 1641 1260 1706 quae
1279 1623 1370 1685 initio

196 1729 349 1809 leguntur
368 1751 443 1794 sane
461 1733 581 1794 incerta
600 1751 668 1794 esse
692 1733 772 1794 nihil
791 1732 901 1795 refert:
927 1731 1113 1815 „postridie“
1132 1731 1263 1814 quidem
1286 1735 1370 1793 certe

196 1839 348 1900 nonnisi
381 1838 477 1919 diem,
508 1859 571 1921 quo
595 1838 719 1902 'Pullius
746 1840 858 1902 alteras
890 1840 1011 1901 litteras
1035 1840 1169 1921 accepit,
1193 1837 1372 1920 significare

196 1947 338 2026 potest,¹)
367 1965 445 2026 non,
475 1950 511 2007 ut
541 1943 673 2028 Gruber,
704 1946 952 2028 Wesenbergius
983 1947 1167 2027 voluerunt,
1195 1965 1258 2027 quo
1283 1945 1370 2008 dedit

198 2049 352 2130 Quintum
379 2072 442 2134 quo
467 2055 550 2115 enirn
571 2054 620 2116 die
639 2055 759 2136 priores
782 2055 904 2117 litterae
928 2055 1061 2136 scriptae
1081 2059 1186 2116 essent
1209 2073 1282 2114 cum
1304 2071 1370 2114 non

197 2163 280 2220 esset
308 2165 603 2241 commemoratum,
635 2165 706 2242 apte
729 2179 793 2222 nen
823 2165 946 2243 poterat
974 2159 1049 2222 addi
1077 2160 1191 2222 alteras
1219 2159 1370 2241 postridie

197 2284 267 2328 esse
302 2266 397 2328 datas.
435 2268 556 2349 accepit
588 2267 687 2349 igitur
720 2265 828 2330 Cicero
862 2268 993 2330 alteram
1023 2267 1191 2349 epistulam
1210 2288 1235 2330 a.
1264 2267 1292 2330 d
1312 2265 1369 2330 ΙΙΙ.

197 2371 227 2435 N
230 2393 279 2435 on.
304 2373 388 2454 Iun,
413 2374 515 2436 datam
541 2373 673 2437 fortasse
693 2373 809 2455 Laude,
819 2377 840 2452 2)
864 2395 930 2438 una
939 2377 961 2453 ³)
988 2395 1061 2436 curn
1083 2373 1225 2437 Caesaris
1251 2375 1370 2437 litteris.

199 2500 399 2567 quamquam
420 2481 547 2564 quando
571 2482 648 2544 haec
671 2469 786 2564 scripta
810 2482 851 2544 sit
874 2480 1022 2564 epistula,
1050 2487 1196 2544 accurate
1219 2482 1372 2564 explicari

197 2587 327 2650 videtur
344 2608 408 2649 non
428 2607 534 2672 posse,
559 2608 631 2651 euni
651 2589 731 2651 nihil
749 2589 839 2670 insit,
859 2609 923 2671 quo
942 2590 993 2651 usi
1012 2589 1134 2671 aliquid
1153 2588 1371 2672 proficiamus:

197 2699 303 2758 tamen
315 2677 510 2776 Ciceronem,
527 2717 600 2759 cum
620 2697 659 2759 ad
680 2697 830 2779 epistulas
850 2718 875 2759 a
891 2696 919 2758 d.
935 2695 1008 2759 llll.
1024 2702 1055 2760 et
1068 2695 1126 2759 HI.
1138 2696 1218 2759 Non.
1230 2701 1373 2781 acceptas

196 2803 383 2865 rescriberet
410 2821 516 2886 neque
547 2806 719 2886 quicquam
749 2805 787 2866 de
816 2805 934 2866 uiatore
962 2805 1112 2887 temporis
1143 2804 1244 2885 spatio
1274 2805 1372 2866 inter-

197 2912 299 2994 posito
330 2910 472 2991 adderet,
503 2911 573 2973 circ.
600 2910 679 2973 Non.
707 2912 757 2973 vel
785 2912 880 2993 paulo
910 2917 982 2994 post
1010 2911 1067 2973 has
1097 2910 1217 2974 litteras
1247 2910 1372 2974 dedisse

197 3024 316 3102 putem.
758 3019 759 3022 ’

288 3124 441 3206 Quintus,
465 3130 501 3188 111
525 3125 678 3207 (1111111111,
701 3127 833 3188 ineunte
857 3145 964 3188 mense
983 3125 1067 3188 Maio
1091 3125 1131 3188 ad
1150 3124 1316 3188 Caesarem
1339 3144 1373 3188 se

198 3234 387 3309 contulerat,
418 3233 585 3316 epistulam
614 3233 759 3295 Arimino
788 3234 883 3316 paulo
906 3239 980 3296 ante
1002 3232 1080 3296 Idus
1103 3233 1205 3296 Maias
1228 3233 1371 3308 dederat3

199 3360 279 3421 quas
296 3339 419 3402 Tullius
439 3340 601 3402 Placentia
619 3339 708 3403 datas
731 3361 756 3403 a.
773 3341 801 3402 d.
818 3339 893 3403 Illl.
909 3339 991 3403 Non.
1011 3343 1131 3426 accepit
1152 3343 1285 3422 litteras,
1307 3340 1373 3403 fere

198 3467 225 3509 a.
243 3446 353 3509 d.VIl.
371 3445 442 3510 Kal.
457 3447 528 3510 Iun.
548 3453 638 3510 erant
661 3449 809 3532 scriptae:
836 3453 1028 3532 quapropter
1050 3450 1117 3512 sive
1140 3450 1280 3512 Arimini
1304 3449 1371 3510 sive

199 3553 380 3616 Placentiae
404 3556 471 3618 sive
493 3556 563 3618 loco
589 3557 727 3638 quodam
754 3557 919 3619 interiecto
947 3556 1038 3618 illum
1068 3557 1195 3638 longius
1223 3556 1373 3638 temporis

199 3663 337 3744 spatium
365 3668 595 3726 commoratum
626 3683 695 3726 esse
725 3669 862 3747 apparet.
896 3664 1024 3746 quando
1054 3669 1161 3726 autem
1189 3668 1220 3725 et
1248 3663 1304 3725 ubi
1332 3662 1373 3725 ad

200 3753 365 3832 Caesarem
394 3767 585 3852 pervenerit,
618 3772 789 3850 incertum3
824 3771 1012 3834 crediderim
1044 3777 1151 3833 tamen
1184 3769 1373 3851 Placentiae,

376 1300 469 1476 }sor.
493 1354 612 1418 Romae
635 1375 744 1418 mense
766 1356 837 1418 Iun.
858 1377 883 1418 a.
905 1376 934 1417 u.
954 1374 979 1417 c.
1001 1356 1073 1419 700.

289 4000 315 4069 1)
335 4001 368 4055 cl.
387 4001 483 4070 Bergk.
502 4001 520 4055 l.
539 4002 557 4055 l.
577 4019 602 4070 p.
622 4002 674 4055 615
693 4002 753 4056 adn.
775 4002 797 4054 1.

288 4089 315 4158 2)
334 4106 349 4142 e
368 4089 468 4158 Sigonii
486 4091 652 4158 coniectura3
679 4107 759 4160 quam
779 4092 850 4159 quod
869 4091 1001 4160 Bergldus
1025 4090 1043 4142 l.
1063 4090 1081 4144 1.
1099 4090 1159 4143 ideo
1185 4090 1274 4143 minus
1298 4090 1373 4143 ducit

200 4179 374 4247 probabilem,
394 4181 465 4248 quod
479 4180 618 4234 Caesarem
631 4181 685 4233 iam
698 4179 789 4232 Laude
801 4180 853 4232 iter
864 4180 1016 4234 Placentiae
1029 4181 1184 4248 susceptum
1197 4179 1372 4247 interrupisse

200 4267 288 4321 minus
309 4267 434 4323 credibile
453 4270 499 4338 sit,
524 4269 586 4322 inde
605 4285 657 4323 non
676 4269 804 4337 sequitur,
831 4271 862 4321 111
879 4269 954 4322 illinc
972 4287 1027 4322 non
1044 4270 1161 4339 potuerit
1178 4269 1282 4326 litteras
1300 4270 1371 4327 dare.

288 4358 315 4427 3)
335 4375 368 4410 an
387 4358 415 4411 id
433 4359 523 4428 ipsum
542 4359 592 4413 sub
611 4359 707 4412 litteris
727 4357 848 4412 obscuris
867 4357 1020 4414 delitescit?
