3259 5042
698 284 905 343 ...55-

218 456 466 517 enuntiationem
487 456 575 518 illam
594 455 737 519 Memmii
758 458 849 520 valde
868 457 993 522 Caesari
1013 460 1195 542 displicere‘
1220 462 1387 522 coniecerit

217 581 257 622 ex
277 559 417 623 Caesaris
435 561 548 624 litteris
572 562 762 644 quibusdam
787 563 821 625 id
844 585 913 627 esse
936 567 1138 628 intellectum.
1164 567 1249 649 quod
1268 576 1386 648 tempo-

217 687 287 729 rum
310 668 431 731 ratione
460 669 566 731 habita
597 670 665 732 fieri
694 690 758 732 non
781 674 896 753 potuit,
930 675 1005 754 quia
1035 675 1207 736 enuntiatio
1236 674 1289 736 illa
1317 680 1387 756 post

217 794 356 837 mensem
372 775 537 846 Sextilem,
560 777 580 838 i.
600 796 624 838 e.
643 782 714 859 post
738 797 784 859 ep.
804 779 844 840 ad
859 776 917 852 Qu.
936 780 971 841 fr.
996 779 1036 841 Il.
1059 783 1099 842 15
1119 781 1209 860 ξ2,1)
1232 781 1313 842 faeta
1332 787 1386 858 est,

217 882 301 944 unde
317 883 469 964 seqnitur,
480 889 515 946 ut
529 884 582 946 ille
599 885 770 948 rescribere
787 886 929 948 nonduin
945 888 1090 969 potuerit.
1110 887 1206 949 verba
1223 888 1320 970 igitur
1332 887 1387 948 illa

217 990 262 1050 sie
285 990 472 1072 explicanda
495 991 658 1054 videntur:
693 994 943 1056 enuntiationem
965 993 1106 1056 Memmii
1128 993 1387 1077 intellegebamus

216 1095 308 1159 valde
332 1117 399 1160 esse
422 1105 546 1180 praeter
569 1097 710 1162 Caesaris
735 1100 981 1183 voluntatem32)
1011 1103 1176 1180 nimirum,
1200 1122 1271 1164 rum
1295 1109 1387 1162 antea

217 1201 365 1266 Memmio
384 1205 557 1268 studuisset
576 1207 625 1289 (cf.
642 1226 688 1288 ep.
704 1207 744 1268 ad
761 1208 826 1270 Aa.
840 1207 896 1270 lv.
915 1211 965 1287 16,
985 1211 1019 1286 63
1043 1211 1091 1289 15,
1112 1212 1142 1288 7)
1161 1214 1256 1290 atque
1275 1228 1387 1270 consu-

216 1310 283 1372 lum
301 1312 467 1375 coitionem
487 1315 531 1375 sio
549 1313 613 1376 fere
631 1313 801 1396 probasset,
821 1317 975 1397 pactionis
992 1316 1081 1378 illius
1091 1315 1241 1398 Pompeio
1260 1323 1387 1377 auctore

215 1418 356 1500 proditae
380 1439 452 1482 eum
476 1420 569 1483 valde
592 1421 726 1504 pigebat.

579 1617 642 1698 llp.
667 1616 711 1681 ad
736 1618 799 1705 Qu.
825 1616 872 1682 fr.
897 1617 970 1682 111.
995 1618 1027 1682 2.

305 1739 376 1802 Viri
400 1741 484 1803 docti
506 1742 599 1824 plane
622 1744 705 1804 inter
728 1762 761 1804 se
785 1744 999 1824 consentiunt,
1023 1763 1095 1805 eum
1121 1744 1202 1805 hano
1220 1743 1387 1824 epistulam

217 1867 242 1908 a.
259 1847 287 1909 d.
298 1846 336 1911 V.
353 1847 398 1909 Id.
417 1847 482 1912 Oet.
503 1849 651 1930 scriptam
671 1869 738 1912 esse
761 1855 881 1932 putent,
900 1870 1005 1932 nequo
1024 1857 1070 1912 est
1089 1871 1146 1912 cur
1169 1849 1386 1931 obloquamur.

579 2045 643 2127 Ep.
668 2045 712 2110 ad
737 2047 800 2134 Qu.
826 2044 873 2110 fr.
898 2045 1023 2110 111.3.

218 2168 476 2232 Schuetzius:
502 2190 559 2232 sor.
583 2169 701 2232 Romae
725 2169 807 2232 cirea
830 2171 876 2234 ld.
897 2170 1019 2234 Octobr.
1041 2192 1066 2233 a.
1087 2191 1116 2233 u.
1137 2191 1161 2232 c.
1183 2173 1256 2233 699.

219 2276 389 2339 Gruber:
423 2277 498 2341 ΧΠ.
522 2277 593 2342 Kal.
617 2277 697 2340 Nor.

217 2381 352 2445 Hella:
385 2405 441 2448 scr.
461 2384 580 2448 Rornae
604 2387 686 2447 eirca
709 2385 754 2447 ld.
776 2384 900 2466 Octobr.
925 2407 951 2447 a.
971 2407 1002 2449 u.
1022 2406 1047 2447 c.
1069 2388 1140 2448 700.

217 2489 369 2553 Baiter:
396 2512 452 2555 ser.
471 2491 590 2554 Rornae
614 2513 721 2555 mense
745 2492 873 2556 Octobri
897 2514 923 2555 a.
943 2514 973 2555 u.
993 2513 1018 2556 e.
1040 2494 1111 2556 700.

217 2596 546 2682 Wesenbergius:
577 2619 635 2662 ser.
662 2599 782 2662 Romae
812 2620 920 2663 mense
949 2600 1076 2663 Octobri
1106 2602 1142 2679 (a.
1168 2599 1195 2661 d.
1220 2598 1294 2660 ΧΠ.
1319 2597 1387 2659 Kal.

374 2705 454 2768 Nor.
464 2705 492 2787 P)
518 2709 589 2770 700.

305 2810 462 2886 Orinestio,
483 2833 620 2895 quonam
643 2815 693 2876 die
710 2815 846 2897 epistula
863 2815 933 2876 data
950 2817 999 2896 sit,
1019 2815 1164 2876 coliaeret
1180 2833 1252 2874 eum
1270 2811 1387 2873 iudicio

219 2917 342 2980 Gabinii
373 2921 545 2982 maiestatis
576 2919 649 2982 aL.
677 2919 822 2983 Cornelio
845 2919 980 2983 Lentulo
1005 2921 1159 2996 aecusati3
1191 2939 1286 3000 quoni
1315 2937 1388 2980 eum

217 3025 250 3086 in
274 3045 319 3108 ep.
339 3029 359 3088 4
383 3028 424 3090 in.
449 3026 606 3109 (13.31Χ,
630 3025 698 3089 Kal.
721 3027 799 3089 Nor.
824 3026 909 3107 data)
937 3027 1060 3089 Tullius
1088 3027 1177 3088 tratri
1207 3026 1388 3087 absolutum

217 3134 341 3196 nuntiet
356 3137 459 3216 atque
483 3134 618 3216 epistula
647 3135 701 3196 illa
729 3134 881 3216 postridie
910 3137 978 3197 eius
1008 3135 1083 3205 diei,
1114 3155 1178 3216 quo
1202 3139 1283 3195 esset
1306 3133 1388 3194 iudi-

218 3238 315 3320 eium,
335 3242 449 3322 scripta
467 3242 673 3324 videatur(cf.
684 3261 729 3324 ep.
741 3246 770 3322 4,
786 3243 828 3322 6),
848 3262 944 3305 causa
963 3242 1102 3303 iudicata
1121 3246 1168 3303 est
1187 3262 1212 3310 a.
1225 3240 1253 3302 d.
1265 3239 1305 3301 X.
1317 3238 1386 3301 Kal.

217 3344 247 3406 N
249 3365 305 3426 on,
325 3349 458 3429 epistula
479 3354 584 3411 autern
600 3351 690 3411 tertia
710 3349 782 3411 data
796 3349 902 3411 triduo
922 3355 994 3411 ante
1005 3353 1062 3432 (ep.
1075 3352 1103 3429 3,
1115 3350 1158 3428 3),
1173 3349 1190 3409 i.
1202 3369 1226 3410 e.
1238 3369 1263 3409 a.
1276 3347 1303 3408 d.
1313 3346 1387 3407 ΧΠ.

218 3451 285 3514 Kal.
310 3451 404 3531 Nov.;
437 3473 575 3537 quocum
604 3455 636 3516 id
667 3456 826 3537 congruit,
861 3456 947 3537 quod
971 3454 1079 3518 Oieero
1105 3456 1228 3517 diorum
1252 3453 1388 3535 amplius

219 3560 448 3642 quinquaginta
472 3563 638 3624 intervallo
668 3563 772 3624 nullas
803 3563 924 3624 litteras
948 3583 966 3624 a
989 3562 1084 3624 fratre
1114 3566 1290 3643 acceperut,
1315 3580 1387 3621 nam

219 3665 359 3744 Caesaris
379 3687 424 3750 ep.
444 3671 589 3750 proxima
608 3675 679 3731 ante
698 3671 783 3752 ipsos
802 3668 829 3731 L
848 3670 914 3732 dies
934 3677 1000 3732 erat
1020 3670 1105 3749 data,
1129 3670 1147 3731 i.
1166 3688 1190 3730 e.
1209 3667 1278 3729 Kal.
1296 3667 1389 3749 Sept,

217 3774 254 3838 ef.
274 3795 319 3857 ep.
340 3776 379 3837 ad
399 3774 457 3850 Qu.
477 3778 512 3840 fr.
532 3777 589 3839 ΠΙ.
613 3782 639 3856 1,
666 3781 693 3857 7,
718 3777 805 3859 aba)

306 3970 332 4039 1)
353 3971 385 4022 ol.
406 3988 445 4038 ep.
466 3971 499 4023 ad
520 3970 569 4035 Qu.
590 3972 621 4022 fr.
641 3971 690 4023 ΠΙ.
712 3972 735 4037 1,
756 3972 781 4026 5,
802 3972 844 4022 16.

306 4060 332 4129 2)
353 4062 467 4112 vertam:
488 4061 522 4112 da
540 4077 602 4113 man
617 4060 647 4126 ja
661 4060 732 4129 (eum
747 4061 840 4113 Bootio
852 4060 911 4129 logo
925 4060 1061 4128 quoniam)
1077 4076 1111 4111 zu
1125 4060 1172 4111 dor
1184 4058 1305 4112 Einsicht
1318 4058 1388 4123 kam

218 4149 279 4201 dass
298 4149 340 4201 die
358 4149 520 4218 Eroeffnung
539 4151 585 4202 dos
598 4149 741 4203 Memmius
762 4151 821 4201 dom
836 4150 932 4202 Caesar
950 4150 1024 4201 nicht
1043 4150 1118 4202 recht
1130 4165 1223 4201 waere.
1239 4179 1271 4186 -
1286 4151 1301 4216 ξ
1315 4149 1329 4199 1
1343 4148 1389 4199 fin.

217 4253 276 4304 pro:
297 4237 431 4305 „lepidum
452 4255 503 4307 quo
523 4240 644 4293 excidat²'·
664 4240 808 4308 legendum
828 4241 906 4306 puto:
927 4256 977 4306 „no
996 4239 1141 4306 quidquam
1161 4255 1213 4307 quo
1233 4238 1365 4291 excidat.“

305 4327 332 4394 3)
353 4328 384 4380 of.
404 4327 495 4380 Bardi.
515 4328 532 4381 l.
546 4329 563 4380 l.
577 4346 601 4396 p.
619 4329 651 4381 31
673 4345 726 4396 3),,
745 4329 841 4397 Bergk.
855 4328 873 4382 l.
887 4328 904 4381 l.
919 4345 944 4397 p.
958 4328 1018 4380 625.
