3259 5042
737 250 948 312 „38-

346 424 435 488 Haeo
452 426 587 509 epistula
602 427 704 510 prima
719 431 766 490 est
783 446 905 507 earum,
925 446 1007 515 quae
1024 428 1063 490 ad
1075 426 1106 492 C.
1116 427 1298 492 Trebatium
1306 428 1433 490 Testam

256 533 518 596 iurisconsultum
529 536 547 614 ¹)
578 535 744 620 pertinent.
781 553 854 597 eum
890 535 1090 598 commendat
1123 533 1232 598 Cicero
1261 541 1435 618 rogatusa

259 637 405 720 Caesare,
434 646 468 702 ut
496 660 591 724 quem
619 642 714 704 vellet
743 642 894 720 mitteret,
926 642 981 725 qui
1008 643 1092 705 inter
1119 643 1220 725 ipsius
1248 648 1330 706 esset
1358 661 1435 704 cou-

259 745 473 827 tubernales.²)
495 784 535 793 -
557 747 671 811 Caesar
688 747 787 812 Lucio
806 747 956 829 Domitia,
979 750 1038 838 Ap.
1060 748 1192 813 Claudio
1211 752 1274 812 iam
1293 748 1437 812 consuli-

259 853 320 916 bus
342 855 376 916 iu
400 853 523 916 Italiam
554 860 648 936 atque
677 855 888 920 conventibus
912 856 1032 920 Galliae
1060 858 1214 920 citerioris
1241 858 1378 940 peractis
1402 856 1437 916 in

259 958 425 1041 Illyricum
451 981 484 1024 se
507 962 695 1042 contulerat,
720 963 806 1046 quod
831 963 869 1026 de
889 963 1088 1027 Pirustarum
1106 963 1344 1027 incursionibus
1369 966 1439 1024 erat

261 1069 375 1132 certior
404 1069 557 1152 factas;³)
591 1070 756 1134 obsidibus
784 1073 920 1154 acceptis
950 1071 1224 1154 conventibusque
1253 1070 1370 1134 habitis
1403 1069 1438 1130 in

260 1175 384 1238 ltaliam
412 1179 588 1258 revertitur,
619 1177 704 1240 unde
728 1215 769 1222 -
795 1184 830 1241 ut
860 1179 986 1241 ridetur
1016 1180 1104 1242 nullo
1136 1180 1256 1242 maiore
1285 1178 1440 1260 temporis

262 1259 361 1365 spatio
394 1284 578 1368 interposito
609 1321 649 1328 -
681 1285 721 1354 ad
755 1287 930 1348 exercitum
961 1284 1213 1376 proficisceres
1253 1305 1327 1347 cum
1359 1301 1439 1346 vero

261 1389 442 1452 Trebatium
465 1392 500 1452 in
520 1391 652 1456 Galliam
678 1393 855 1454 citeriorem
879 1412 913 1454 sc
936 1393 1107 1456 contulisse
1127 1398 1376 1456 consentaneum
1399 1391 1441 1452 sit

262 1515 366 1578 neque
385 1498 418 1558 in
433 1497 607 1578 Illyricum,
622 1505 693 1562 aute
709 1519 850 1562 mensem
858 1500 934 1582 Apr.
946 1519 1015 1562 eam
1031 1500 1198 1582 epistulam
1212 1501 1270 1560 rix
1285 1500 1441 1580 scriptam

263 1607 384 1686 putem,
418 1625 481 1686 qua
510 1605 564 1668 ille
595 1606 875 1670 commendaretur.
918 1607 980 1670 huc
1014 1606 1159 1689 quadrat,
1195 1606 1279 1688 quod
1305 1604 1442 1686 Pompei

264 1712 297 1772 iu
329 1710 408 1774 urbe
436 1713 641 1775 commoratio
670 1711 717 1798 (et,
744 1712 905 1776 Ciceronis
936 1715 1036 1796 ipsius
1069 1713 1242 1777 decedendi
1273 1712 1441 1790 dubitatio)

265 1818 445 1882 diuturnior
461 1820 636 1902 appellatur
651 1822 683 1903 (ξ
698 1821 736 1902 1).
755 1841 834 1883 num
854 1819 992 1897 ¹Quintus
1009 1822 1106 1884 frater
1123 1840 1188 1882 una
1208 1840 1281 1882 oum
1293 1818 1442 1904 Trebatio

265 1925 305 1988 ad
334 1923 498 1989 Caesarem
525 1927 684 2010 profectus
714 1927 792 2007 slt,⁵)
824 1928 947 2007 dubito,
979 1928 1064 2010 quod
1094 1947 1198 2010 neque
1230 1929 1263 1990 in
1297 1927 1356 1988 hac
1391 1944 1442 2007 ep.

265 2053 371 2116 neque
394 2035 428 2096 in
453 2053 499 2117 ep.
519 2036 558 2098 ad
583 2036 653 2098 fam.
668 2034 740 2099 Vll.
761 2015 780 2100 6
800 2036 902 2098 ullum
922 2036 1019 2098 habes
1044 2036 1082 2098 dc
1105 2055 1142 2098 eo
1162 2036 1308 2098 verbum:
1334 2038 1442 2109 tamen

264 2141 447 2226 Trebatium
477 2143 561 2204 haud
591 2145 634 2205 ita
662 2144 761 2206 multo
793 2145 942 2226 temporis
972 2147 1076 2224 antei)
1104 2142 1204 2204 Roma
1234 2143 1337 2204 exisse
1364 2139 1444 2202 inde

267 2255 403 2332 apparet,
424 2231 509 2331 qnod
529 2250 647 2317 eisdem
666 2251 791 2329 litteris,
812 2252 887 2333 quia
906 2251 1033 2313 fratrem
1054 2249 1275 2312 etTrebatium
1293 2248 1444 2326 misisset,

268 2354 413 2418 Ciceroni
438 2356 553 2419 Caesar
575 2359 691 2439 gratias
716 2359 812 2440 egit.⁷)
851 2444 853 2448 ι

656 2496 1053 2581 mmmmm

268 2621 531 2686 Schuetzius:
557 2644 614 2686 sor.
634 2626 668 2687 in
688 2626 763 2687 villa
783 2624 925 2687 Cumana
947 2643 1057 2686 mense
1078 2621 1162 2686 Maio
1186 2645 1211 2685 a.
1231 2645 1259 2686 u.
1277 2644 1302 2686 c.
1323 2624 1396 2685 699.

270 2731 444 2794 Creber:
465 2732 510 2793 in.
536 2730 627 2794 Maio,

269 2836 426 2901 Baiter:
452 2858 510 2900 sor.
530 2839 564 2900 in
588 2837 731 2901 Cumano
756 2853 864 2901 mense
888 2838 972 2901 Maio
996 2859 1020 2901 a.
1041 2858 1070 2900 n.
1091 2858 1116 2900 o.
1138 2839 1210 2901 700.

269 2945 605 3028 Wesenbergins:
639 2967 696 3009 sor.
720 2947 755 3008 in
780 2945 922 3009 Cumano
950 2965 1060 3008 mense
1084 2945 1168 3007 Maio
1196 2945 1277 3027 (post
1300 2943 1355 3006 Vl.
1384 2944 1444 3024 ld.)

431 3073 456 3114 a.
476 3074 506 3116 u.
527 3073 551 3116 c.
574 3055 646 3117 700.

358 3159 526 3222 Vestorius
546 3159 675 3242 quidam
694 3162 892 3244 argentarius
911 3160 1120 3237 Puteolanus,
1143 3159 1242 3220 Attici
1266 3163 1297 3220 et
1321 3157 1446 3219 Cicero-

270 3268 321 3330 nis
339 3267 540 3352 familiaris,{³)
565 3265 750 3332 Ciceronem
769 3270 803 3332 in
823 3268 990 3348 Cumanol)
1010 3273 1255 3358 commorantem
1279 3267 1446 3335 certiorem

361 3409 387 3478 1)
407 3409 440 3461 dc
459 3425 490 3461 eo
514 3408 646 3476 imprimis
670 3409 737 3462 iuris
763 3409 890 3462 scientiae
913 3408 1015 3461 ratione
1038 3407 1130 3460 habita
1154 3406 1273 3474 sen‘psit'
1286 3406 1315 3459 Ο.
1339 3406 1445 3475 Stange,

272 3499 360 3553 Berol.
381 3498 459 3552 1849.
1261 3536 1264 3541 ⁴

361 3588 388 3657 2)
408 3588 440 3640 de
460 3587 557 3656 quibus
576 3587 609 3640 of.
630 3587 660 3640 G.
674 3585 804 3639 Boissier:
825 3583 935 3639 Ciceron
955 3588 981 3637 et
1000 3601 1043 3636 scs
1061 3584 1149 3636 amis³
1166 3601 1192 3651 p.
1212 3584 1273 3636 244.
1325 3640 1330 3649 ,

361 3675 676 3747 mmmaert

360 3766 530 3836 Cfflca
608 3773 610 3778 '

362 3858 389 3927 5)
410 3857 444 3909 of.
464 3873 487 3910 e.
507 3872 531 3924 g.
552 3855 655 3908 Gruber
673 3871 699 3921 p.
718 3854 743 3907 8.

362 3948 389 4014 6)
410 3946 525 4011 Quintus
543 3945 652 3997 ineante
671 3960 762 3997 mense
780 3943 852 3996 Maio
871 3944 905 3995 ad
924 3942 1065 3996 Caesarem
1083 3942 1218 4009 profectus
1237 3944 1285 4008 est,
1305 3941 1338 3994 of.
1357 3957 1382 4007 p.
1402 3940 1446 3993 40.

380 4037 390 4106 )
410 4035 443 4089 of.
459 4052 499 4104 ep.
517 4035 550 4088 ad
571 4033 620 4106 Ωιι.
641 4033 672 4087 11.
692 4033 728 4087 Π.
749 4033 791 4100 13,
811 4033 828 4085 3
847 4033 882 4087 in.

409 4111 496 4178 duom.
516 4123 583 4178 Tull.
604 4123 696 4192 (11.1.
717 4123 770 4176 Cic.
791 4138 833 4190 op.
853 4122 893 4176 ed.
912 4121 930 4176 l.
951 4121 978 4174 C.
999 4120 1091 4200 Orelli.
1110 4121 1173 4189 VH)
1193 4138 1218 4188 p.
1238 4119 1298 4172 642.

364 4037 379 4088 7

363 4125 389 4194 81

363 4215 390 4285 9)
409 4215 456 4269 ubi
474 4214 555 4267 libros
575 4214 608 4266 de
626 4229 655 4265 re
674 4213 781 4280 publiea
800 4213 916 4267 scribere
939 4210 1054 4266 instituit
1073 4209 1103 4281 (ξ
1122 4210 1160 4281 1),
1184 4210 1217 4265 cl.
1237 4208 1270 4260 ad
1290 4207 1341 4278 Qu.
1360 4206 1392 4258 fr.
1411 4205 1446 4266 11,

275 4308 317 4374 12,
338 4307 362 4359 1.
391 4305 442 4360 ΠΙ.
463 4304 479 4356 5
499 4307 526 4358 et
544 4304 574 4373 6,
596 4305 619 4358 1.
1037 4289 1040 4293 ’
