3259 5042
686 327 896 388 „62-

206 504 368 566 ineuntem
392 523 534 590 mensem
557 501 766 566 Decembrem
791 501 935 566 Ciceroni
959 503 1050 566 reddi
1073 523 1137 565 non
1160 502 1277 586 potuit:
1303 520 1377 563 eum

206 610 368 672 nonnullis
385 609 497 672 diebus
513 617 584 694 post
599 610 798 692 respondisse
814 630 850 672 oo
867 611 1038 673 verisimile
1050 610 1095 690 fit,
1111 609 1197 692 quod
1212 614 1243 672 et
1259 607 1298 671 ad
1312 612 1378 670 tarn

206 717 332 799 longam
356 717 523 801 epistulam
547 717 741 780 exorandam
764 716 872 800 plures
897 717 964 780 dios
988 737 1068 802 opus
1092 724 1182 780 erant
1205 723 1235 779 et
1254 735 1291 778 ea
1314 716 1378 776 iam

206 829 336 886 exarata
359 824 475 886 alterae
498 843 515 886 e
539 821 649 886 Cilicia
672 823 883 886 afferebantur
905 824 1029 886 litterae
1048 826 1078 904 (ξ
1097 824 1162 905 26).
1188 826 1378 906 quapropter

206 932 309 994 medio
332 932 397 994 fere
415 951 523 994 mense
542 930 709 994 Decembri
734 932 897 1014 epistulam
919 931 1024 994 datam
1043 931 1192 1008 arbitror3
1217 934 1378 1013 praeterea

206 1057 274 1100 eam
305 1058 388 1100 anno
420 1039 483 1100 iam
517 1044 666 1116 vergente
699 1038 849 1120 scriptam
882 1057 950 1100 osso
979 1057 1019 1100 ex
1050 1039 1136 1116 §25
1164 1037 1375 1115 intellegitur:

207 1163 288 1228 quae
318 1147 402 1207 enim
418 1143 541 1207 'Cicero
566 1144 605 1207 de
630 1145 734 1226 Appio
763 1143 898 1208 Lentulo
927 1164 1114 1207 successuro
1128 1143 1149 1226 ¹)
1181 1142 1301 1221 scribit,
1324 1142 1378 1203 cui

205 1257 241 1314 ut
270 1251 339 1314 siue
372 1250 438 1314 ulla
470 1269 558 1314 mora
593 1251 790 1332 provinciam
829 1250 982 1314 concedat
1013 1251 1151 1313 aurinum
1184 1250 1377 1327 adhortatur,

206 1358 388 1420 consulatus
411 1357 507 1419 finem
532 1357 615 1420 houd
640 1359 684 1420 ita
706 1357 844 1419 multum
867 1357 978 1420 abesse
1001 1357 1180 1420 ostendunt.

596 1551 1038 1642 QQOfflb

205 1677 466 1741 Schuetzius:
493 1697 550 1742 scr.
570 1676 689 1740 Romae
713 1678 803 1740 initio
827 1677 991 1742 Decembr.
1016 1679 1231 1741 amabili).

206 1783 378 1847 timber:
405 1805 453 1848 ex.
473 1784 554 1847 Nor.

204 1892 338 1954 Hoffa:
363 1912 421 1956 scr.
441 1891 559 1956 Romae
582 1894 623 1954 in.
643 1911 752 1956 mense
774 1891 850 1956 Dec.
870 1913 895 1955 a.
915 1913 946 1955 u.
966 1912 991 1955 c.
1014 1893 1086 1956 700.

206 1999 361 2062 Baiter:
387 1998 583 2062 sceltonae
607 2005 744 2062 exeunte
767 2019 877 2062 menso
900 1999 1075 2063 Novembri
1098 2021 1123 2064 a.
1144 2021 1173 2063 u.
1194 2018 1218 2062 c.
1241 2000 1313 2063 700.

205 2106 529 2188 Wesenbergius:
555 2125 612 2170 scr.
632 2105 750 2169 Romae
773 2126 884 2170 mense
906 2105 1072 2170 Decembri
1097 2127 1124 2168 a.
1144 2127 1174 2170 u.
1195 2126 1219 2168 o.
1241 2107 1313 2170 700.

293 2213 363 2275 Huc
395 2214 531 2296 epistula
561 2214 629 2276 sine
658 2213 755 2276 dubio
786 2213 895 2277 Cicero
925 2213 1094 2298 respondet
1121 2213 1226 2276 fratris
1255 2212 1376 2290 litteris

206 2319 322 2401 quibus
346 2321 373 2382 is
398 2319 570 2382 Gabinium
593 2322 767 2384 maiestatis
798 2327 984 2384 accusatum
1015 2320 1248 2383 defendendum
1277 2319 1376 2382 fuisse

204 2425 379 2508 scripserat,
398 2426 547 2488 videlicet
562 2445 607 2509 ep.
620 2427 647 2488 h.
658 2427 677 2489 l.
690 2430 709 2490 4
725 2433 852 2511 accepta
867 2427 949 2506 (data
965 2427 1023 2490 IX.
1040 2426 1109 2490 Kal.
1124 2426 1154 2490 N
1156 2431 1225 2506 ou).
1241 2426 1377 2509 epistula

204 2533 260 2595 illa
283 2539 356 2595 ante
380 2533 425 2595 Id.
444 2531 519 2596 Dec.
539 2531 672 2596 Romani
695 2533 827 2616 perferri
856 2536 913 2596 vix
942 2535 1053 2617 potuit.
1099 2534 1240 2597 Tullium
1271 2539 1376 2596 autem

204 2641 300 2724 paulo
332 2646 404 2723 post
441 2641 521 2702 hanc
559 2640 727 2723 epistulam
761 2641 885 2704 dedisse
922 2642 997 2704 inde
1035 2643 1252 2722 manifestum,
1291 2641 1375 2724 quod

206 2747 377 2810 Gabinium
406 2748 444 2811 de
473 2748 657 2831 repetundis
690 2749 750 2810 hoc
780 2749 849 2831 ipso
879 2767 989 2812 mense
1022 2769 1040 2811 a
1072 2768 1106 2811 se
1139 2750 1304 2820 defensum
1336 2749 1376 2810 iri

204 2855 308 2917 adhuc
327 2874 392 2917 non
411 2855 504 2918 modo
524 2855 637 2935 nescit,
661 2855 716 2918 sed
736 2858 830 2918 otiam
848 2875 978 2939 prorsus
1001 2856 1183 2920 inauditum
1206 2857 1377 2919 arbitratur

204 2961 251 3041 (cf.
269 2963 331 3041 in).
355 2969 516 3045 praeterea
533 2969 604 3046 post
620 2963 791 3027 Gabinium
809 2965 869 3027 hoo
887 2983 995 3028 mense
1015 2965 1109 3027 etiam
1128 2985 1185 3047 pro
1201 2964 1232 3028 0.
1247 2963 1375 3026 Rabirio

203 3068 356 3132 Postumo
377 3070 466 3134 dixit.
487 3109 525 3116 -
555 3071 672 3133 Hirrus
691 3071 741 3154 (cf.
763 3073 781 3151 ξ
801 3074 821 3134 3
841 3070 905 3149 fin.)
924 3073 1023 3153 igitur
1040 3074 1150 3154 paucis
1171 3072 1282 3134 diebus
1303 3078 1376 3134 ante

204 3176 242 3259 (a.
263 3176 291 3239 d.
312 3177 367 3240 IV.
387 3177 432 3239 Id.
452 3176 538 3256 Dec.)
558 3177 706 3241 tribunus
729 3179 832 3261 plebis
856 3184 924 3242 erat
944 3180 1055 3243 faetus.

363 3371 426 3453 Ep.
451 3371 495 3438 ud
519 3371 605 3437 fam.
629 3372 712 3439 vll.
731 3370 793 3438 10:
823 3373 932 3437 Cicero
957 3375 987 3438 S.
1007 3374 1044 3438 D.
1063 3375 1215 3438 Trebatio.

203 3514 469 3578 Schuetzius:
495 3535 552 3578 sor.
572 3515 691 3579 Romae
716 3536 824 3580 mense
848 3515 960 3580 Sextili
984 3540 1010 3582 a.
1030 3539 1061 3582 u.
1081 3539 1106 3584 c.
1127 3521 1200 3584 609.

204 3621 375 3685 Gruber:
410 3621 484 3686 Dee.

203 3729 382 3812 Suepfle:
408 3750 465 3793 scr.
485 3729 604 3793 Romae
627 3749 735 3794 mense
758 3729 926 3794 Decembri
950 3754 976 3796 a.
996 3753 1026 3796 u.
1047 3753 1081 3797 os
1098 3735 1170 3798 700.

202 3835 275 3899 Fre
282 3857 319 3916 y:
346 3836 402 3900 der
420 3836 511 3900 Brief
525 3838 567 3900 ist
586 3859 626 3900 zu
645 3837 736 3901 Ende
756 3839 811 3902 des
830 3839 943 3904 Jahres
961 3841 1180 3923 geschriebem
1200 3843 1247 3903 als
1261 3840 1376 3905 Caesar

361 3943 478 4008 bereits
502 3944 553 4008 die
577 3944 864 4028 Winterquartiere
888 3947 1030 4031 benogen
1053 3949 1146 4011 hatte.

202 4050 356 4114 Baiter:

204 4155 522 4242 Wesenbergius·
594 4127 651 4172 scr.
670 4107 789 4172 Romae
812 4129 922 4172 menso
945 4108 1112 4173 Decembri
1137 4132 1163 4175 a.
1183 4133 1213 4174 u.
1234 4132 1258 4173 o,
1281 4114 1352 4176 700,

293 4371 319 4440 l)
339 4370 371 4424 cl.
392 4373 478 4438 epod
499 4371 549 4436 eu.
564 4374 595 4427 ir.
632 4373 662 4426 ll.
683 4376 714 4440 2,
734 4375 763 4441 33
783 4376 815 4428 ad
837 4378 890 4429 ntt
911 4374 957 4430 IV.
979 4377 1020 4444 18,
1040 4379 1057 4429 4
1075 4377 1119 4435 fin.
