3259 5042
669 280 879 347 -37-

188 459 312 524 oalibus
321 462 343 541 ¹)
366 459 529 524 habebis‘:
554 466 651 544 atque
675 479 747 524 eum
772 463 803 525 et
821 466 928 545 aperte
952 459 1036 526 dieat
1055 461 1164 526 Cicero
1183 483 1234 526 res
1256 467 1361 546 gestas

188 569 284 650 paulo
301 574 372 651 post
386 568 515 632 fratrem
532 567 716 632 habiturum
728 574 778 649 et,
798 569 952 651 qnoniam
967 569 995 632 is
1011 568 1191 633 tabellarios
1205 569 1363 652 praebeat,
1405 603 1408 608 ·

188 675 358 758 epistulam
376 676 516 759 proximi
535 675 597 738 diei
618 681 688 738 aeta
706 675 922 740 continentem
937 693 971 738 se
986 676 1160 738 missurum
1179 675 1362 758 promittere

189 782 344 862 videatur,
377 783 568 864 „hodiernus
597 781 682 846 dies“
708 783 862 866 postridie
893 782 939 845 ld.
962 781 1198 866 intellegendus
1227 782 1363 864 videtur,

190 909 255 971 quo
279 909 373 953 mane
396 890 479 952 hano
503 889 591 952 dedit
614 891 790 973 epistulam.

284 995 416 1080 Deinde,
441 998 525 1081 quod
547 999 660 1062 attinet
683 999 788 1082 adep.
811 1000 861 1079 10,
884 1003 970 1062 certa
987 999 1138 1081 temporis
1162 1017 1252 1077 ansa,
1276 993 1363 1080 quod

189 1103 320 1187 quidem
336 1106 484 1186 viderim,
502 1105 590 1168 nulla
606 1106 705 1184 inest;
726 1111 832 1169 tamen
847 1125 916 1169 eam
927 1104 1051 1169 ldesse
1068 1105 1175 1168 datam
1190 1104 1363 1168 verisimile

187 1217 251 1291 est,
274 1231 347 1275 eum
374 1217 405 1275 et
425 1213 579 1296 epistulae
607 1215 647 1276 10
661 1219 692 1275 et
717 1213 753 1276 11
777 1210 1024 1296 insequentibus
1045 1211 1159 1275 diebus
1184 1212 1231 1293 (oi.
1252 1231 1304 1294 ep.
1323 1211 1363 1276 10

188 1317 337 1401 051111.)
360 1320 531 1383 videantur
553 1338 622 1382 esse
646 1321 781 1403 scriptae
805 1325 836 1382 et
859 1321 966 1383 minus
990 1317 1155 1402 probabile
1179 1317 1364 1386 Cioeronem

188 1445 237 1510 ep.
265 1429 305 1492 10
332 1446 378 1510 pr
406 1427 451 1489 ld.
480 1432 596 1490 senatu
560 1427 759 1490 tdimisso
793 1427 931 1507 dedisse
966 1445 1040 1489 oum
1072 1425 1229 1490 eiusmodi
1260 1423 1363 1508 frigus

188 1535 403 1617 impenderet
427 1539 463 1597 ut
479 1536 671 1615 timeret‚u
672 1533 804 1598 ifrater
826 1534 991 1617 praeberet
1013 1533 1203 1597 tabellarios

279 1641 336 1725 Ep
361 1642 545 1725 9denique
569 1661 643 1704 eum
667 1641 946 1725 Wesenbergioa.
971 1641 999 1704 d.
1023 1639 1081 1704 ΠΙ.
1104 1641 1151 1704 ld.
1175 1639 1272 1703 Febr.
1285 1643 1364 1723 puto

187 1749 357 1831 seriptam;
387 1767 428 1812 ex
458 1749 565 1812 verbis
594 1749 680 1812 enim
703 1749 737 1830 (ᾗ
758 1749 810 1830 2):
845 1751 958 1830 „etiam
986 1749 1014 1812 si
1042 1747 1123 1810 nihil
1153 1748 1226 1827 erit,
1256 1753 1364 1810 tamen

188 1855 327 1918 scribam
360 1857 476 1919 ootidie
504 1856 643 1938 aliquid*
675 1861 803 1939 apparet
832 1875 879 1939 ep.
906 1858 926 1919 9
954 1855 1227 1939 quamproxime
1257 1849 1377 1920 datam

187 1982 259 2026 esso
279 1969 351 2026 ante
371 1983 417 2047 op.
434 1965 487 2028 10:
513 1983 557 2046 pr.
577 1961 623 2028 Id.
643 1967 749 2025 tamen
769 1980 841 2026 eam
858 1963 1008 2046 scriptam
1026 1980 1097 2026 esse
1114 1967 1280 2045 propterea
1298 1966 1363 2023 nori

187 2069 334 2152 arbitror,
355 2069 440 2153 quod
460 2071 488 2133 is
511 2071 578 2133 dies
598 2072 628 2151 (ἓ
649 2073 669 2134 2
688 2069 753 2151 fin.)
777 2071 862 2133 inter
881 2070 1040 2153 „reliquos
1060 2070 1145 2132 dies‘
1168 2075 1363 2135 numeratur.

187 2196 265 2240 cum
288 2197 363 2241 vero
387 2179 510 2242 nullam
533 2177 631 2241 huius
654 2179 806 2260 temporis
830 2177 998 2260 epistulam
1028 2195 1094 2240 non
1116 2177 1234 2239 habere
1257 2175 1365 2240 ridea-

187 2305 324 2348 mur-
349 2286 433 2368 quod
457 2287 565 2349 neseio
589 2301 631 2348 an
655 2287 714 2366 eis,
739 2305 821 2368 quae
843 2285 937 2348 modo
962 2285 1044 2365 dixi,
1066 2283 1173 2347 verbis
1196 2284 1229 2364 (ἕ
1252 2284 1272 2346 2
1295 2281 1363 2364 fin.)
1481 2270 1484 2275 ’

188 2391 404 2474 confirmetur,
433 2413 506 2456 oum
530 2413 576 2476 ep.
600 2395 640 2457 10
663 2413 708 2476 pr.
734 2392 780 2455 Id.
796 2397 867 2455 eota
890 2393 1114 2456 contineantur
1123 2393 1145 2472 ²)
1171 2429 1225 2471 -,
1252 2410 1298 2473 pr.
1317 2389 1363 2452 ld.

188 2497 300 2562 Cicero
324 2500 429 2564 nullas
453 2500 540 2562 dedit
561 2501 696 2581 litteras,
725 2500 858 2564 fortasse
881 2498 968 2582 quod
994 2498 1149 2562 tabellarii
1172 2517 1239 2561 non
1263 2503 1362 2577 erant,

190 2626 273 2688 quos
297 2613 333 2670 ut
355 2607 459 2670 mittat
481 2628 500 2670 a
522 2607 618 2671 fratre
642 2612 699 2690 (ep.
721 2608 772 2687 10,
795 2605 829 2689 b)
852 2607 938 2689 petit.

280 2713 419 2778 ‘Ubinam
444 2714 582 2789 Quintus
601 2716 661 2778 hoo
680 2721 821 2798 tempore
839 2715 936 2777 fuerit
954 2715 1114 2778 nescimus
1133 2732 1238 2796 neque
1255 2713 1366 2795 magni

189 2823 344 2886 momenti
368 2827 429 2902 est3
455 2828 538 2886 uerte
562 2842 628 2886 non
650 2824 745 2907 longe
768 2822 807 2884 ab
832 2822 911 2886 urbe
929 2822 965 2886 in
984 2822 1060 2884 villa
1082 2821 1180 2900 snitu
1205 2839 1278 2883 oum
1301 2819 1364 2882 iam

188 2930 337 3012 proximo
362 2930 426 3012 die,
451 2949 532 3012 quae
555 2936 646 2993 erant
668 2934 770 3010 gesta,
794 2929 931 2992 haberet
1294 2912 1296 2919 ’

321 3142 384 3226 Ep.
408 3141 452 3207 ad
476 3141 561 3208 fam.
585 3141 669 3208 vll.
694 3141 733 3207 b:
764 3141 874 3204 Oioero
898 3140 1024 3204 Caesari
1047 3142 1126 3225 Imp.
1150 3141 1180 3205 S.
1202 3140 1241 3207 D.

192 3303 453 3368 Schuetzius:
478 3323 536 3366 ser.
555 3301 675 3366 Romae
694 3319 803 3366 mense
821 3298 911 3365 Febr.
928 3307 983 3365 aut
1001 3299 1115 3365 Martio
1134 3323 1161 3366 a.
1178 3323 1209 3365 u.
1226 3319 1251 3367 o.
1270 3299 1343 3367 699.

193 3411 366 3476 Gruber:
391 3411 481 3476 Mart.

192 3519 376 3603 Suepfle:
401 3539 459 3582 scr.
478 3519 598 3583 Romae
622 3539 731 3582 mense
753 3518 869 3581 Martio
893 3539 918 3582 a.
938 3539 968 3581 u.
989 3537 1014 3580 o.
1035 3519 1108 3582 700

192 3625 310 3707 Frey:
336 3625 445 3689 Cicero
464 3626 589 3690 sobrieb
609 3625 672 3690 den
690 3622 806 3691 Briei'
795 3646 831 3689 111
850 3625 912 3688 den
932 3630 1036 3690 ersten
1054 3617 1165 3687 Monet
1151 3630 1203 3687 ten
1225 3624 1254 3687 d.
1269 3623 1299 3686 J.
1314 3626 1366 3687 54.

192 3731 286 3796 Bait
273 3739 351 3796 tzer

192 3837 515 3924 Wesenbergius:

585 3789 643 3835 sor.
663 3768 782 3833 Romae
804 3788 915 3832 mense
938 3767 1051 3830 Martio
1076 3788 1101 3830 a.
1120 3787 1151 3830 u.
1172 3786 1196 3828 o.
1218 3767 1290 3831 700.

283 4072 309 4140 1)
329 4088 352 4126 a.
367 4072 392 4126 d.
405 4071 467 4126 XV.
486 4071 546 4126 Kal.
566 4070 643 4125 Mart.
661 4070 813 4138 celebratis
833 4069 866 4123 oi.
886 4069 914 4124 0,
931 4069 953 4122 Ι.
966 4065 996 4122 1.
1016 4064 1031 4122 l
1047 4085 1073 4136 p.
1086 4065 1143 4121 386
1158 4069 1186 4122 ot
1202 4063 1366 4137 Maiquardt.

193 4157 285 4215 Roem.
306 4161 476 4214 Staatsverw.
489 4156 533 4214 ΠΙ
551 4177 576 4230 p.
596 4161 647 4214 421
668 4175 707 4228 sq.

283 4250 309 4319 2)
329 4251 362 4304 oi.
382 4267 423 4318 ep.
443 4249 460 4304 9
479 4251 494 4318 ξ
513 4251 542 4316 1;
562 4265 602 4318 ep.
623 4249 709 4304 10111.

282 4338 309 4406 3)
329 4339 361 4393 of.
381 4355 422 4408 ep.
443 4339 475 4392 11
494 4339 539 4393 fin.
