3259 5042
722 303 761 311 -
805 265 846 326 57
890 301 932 308 ..

709 439 853 526 Tabula
880 440 951 522 ssa

583 600 618 655 A.
639 616 666 655 a.
686 616 716 655 ιι.
736 616 763 655 c.
784 599 844 654 098
865 599 910 669 (²
929 616 951 652 a.
973 599 1000 653 0.
1020 600 1074 667 56).

240 721 287 790 Ep.
299 724 332 776 ad
342 723 487 778 Lentulum
498 725 519 778 l.
532 727 555 778 2.
567 725 592 778 3.
602 725 620 778 4
630 725 696 780 vitio
709 725 831 778 divulsae
844 741 899 777 una
911 725 988 778 datae
1000 726 1064 777 sunt
1074 723 1149 777 XVI.
1159 723 1192 776 K.
1203 723 1278 776 Febr.
1293 724 1325 778 of.
1334 741 1359 791 p.
1371 725 1413 777 11.

240 811 287 878 Ep.
308 813 341 865 ad
360 815 414 866 Att.
435 814 482 868 IV.
507 814 541 867 4b
564 816 590 866 ct
608 815 624 866 5
644 831 709 878 non,
735 818 765 867 ut
787 814 870 883 vulgo
895 815 1032 882 putantur,
1056 829 1147 868 mense
1167 816 1230 880 Apr.
1250 813 1297 866 sed

365 901 440 954 Febr.
461 905 576 956 exeunte
596 902 640 956 vol
657 903 766 956 incunte
784 902 881 956 Martio
899 902 973 954 Antii
992 901 1107 970 scriptae
1129 905 1192 954 sunt
1391 903 1402 915 '

208 1024 210 1030 ·
242 984 331 1043 Oratio
350 1007 397 1058 pro
415 991 450 1044 M.
471 991 559 1044 Caelio
578 991 648 1045 Rulc
667 992 757 1045 habita
776 994 818 1045 est
837 1009 875 1058 pr.
895 991 963 1046 Non.
984 993 1047 1059 Apr.
1407 1033 1412 1042 .

189 1099 192 1110 ·
239 1079 288 1146 Ep.
301 1080 334 1132 ad
347 1079 492 1133 Lucceium
499 1081 535 1131 V..
544 1081 577 1133 12
587 1081 687 1148 scripta
700 1085 740 1134 ost
755 1081 782 1133 in
796 1081 946 1134 Tusculano
959 1097 982 1133 a.
994 1081 1018 1132 d.
1030 1081 1062 1132 V.
1071 1080 1114 1132 rel
1124 1081 1171 1133 Π.
1183 1080 1222 1134 Id.
1233 1083 1296 1148 Apr.
1408 1122 1413 1131 .

240 1167 287 1235 Ep.
302 1169 335 1222 ad
348 1171 404 1222 Att.
418 1169 465 1222 lV.
479 1170 514 1222 ab
569 1170 667 1238 scripta
685 1171 713 1222 in
731 1170 882 1224 Tusculano
937 1187 975 1223 ca
995 1170 1035 1222 ld.
1054 1170 1122 1223 Nor.

239 1258 287 1326 Ep.
301 1259 335 1312 ad
347 1258 421 1314 Laut.
435 1259 487 1312 Ι.8
613 1260 711 1328 scripta
729 1259 830 1314 Romae
939 1260 1004 1329 (cx.)
1022 1260 1086 1313 Deo.

579 1420 613 1474 Α.
634 1435 662 1474 a.
682 1435 711 1476 u.
732 1436 759 1475 c.
780 1421 840 1474 699
860 1421 911 1490 (=-·
930 1438 952 1473 a.
973 1421 1000 1474 0.
1020 1421 1074 1489 55).

241 1525 288 1592 Ep.
302 1527 336 1578 ad
350 1526 399 1590 Qu.
414 1527 445 1577 fr.
459 1526 494 1579 ll.
516 1528 531 1578 7
552 1529 622 1579 certe
641 1543 732 1580 menso
745 1527 820 1579 Febr.
836 1533 884 1594 (ca.
898 1543 937 1596 pr.
951 1527 1002 1594 Id.)
1016 1526 1116 1580 Romae
1133 1527 1232 1594 scripta
1244 1530 1284 1578 est
1371 1525 1413 1578 27.

241 1614 288 1682 Ep.
309 1616 342 1667 ad
361 1617 416 1668 Att.
430 1615 477 1668 IV.
499 1615 533 1670 10
640 1616 739 1683 scripta
757 1623 798 1670 est
816 1617 844 1668 in
863 1612 982 1670 Cumano
1072 1615 1108 1668 X.
1128 1616 1164 1668 K.
1183 1615 1267 1668 Maias

513 1706 530 1758 9
770 1705 885 1772 Neapoli
1072 1705 1146 1758 Vlll.
1164 1705 1201 1758 Κ.
1214 1705 1298 1758 Maias
1370 1704 1412 1756 '29

500 1796 532 1847 11
747 1796 775 1847 in
795 1795 914 1849 Cumano
1075 1795 1108 1846 V.
1128 1795 1164 1848 Κ.
1183 1794 1268 1848 Maias

241 1882 331 1940 Oratio
348 1885 375 1938 in
385 1884 509 1938 Pisonem
520 1885 618 1950 habita,
629 1885 764 1938 theatrum
773 1884 886 1954 Pompei
895 1885 1047 1939 dedicatum
1061 1884 1169 1936 ridetur
1180 1899 1270 1937 menso
1281 1882 1338 1938 Oct.
1370 1883 1412 1936 33.

584 2045 618 2101 Α.
639 2061 667 2101 a.
687 2061 717 2101 u.
737 2062 764 2101 c.
785 2046 840 2100 700
861 2049 906 2112 (--
925 2062 947 2102 a.
968 2045 995 2099 C.
1015 2047 1070 2114 54).

241 2169 357 2234 Quintus
377 2171 468 2224 Cicero
487 2171 520 2223 ad
539 2171 679 2224 Caesarem
699 2171 833 2239 profectus
852 2174 893 2225 est
910 2171 1018 2223 ineunte
1036 2187 1127 2223 mense
1146 2170 1216 2224 Maio

242 2260 376 2312 Asconius
400 2257 505 2326 (K.-S.
526 2277 550 2327 p.
571 2259 612 2326 17.
632 2259 664 2328 2)
690 2275 781 2312 errans
804 2259 912 2326 sempsit
936 2258 1067 2312 Scaurum
1090 2259 1299 2326 repetundarum

367 2348 531 2416 postulatum
550 2365 608 2402 esse
628 2365 666 2416 pr.
686 2349 754 2402 Non.
775 2348 866 2413 Quint.
885 2365 933 2416 pro
952 2365 991 2416 pr.
1011 2349 1074 2402 Kal.

241 2439 339 2492 Caesar
355 2437 383 2490 in
399 2437 565 2490 Britanniam
582 2437 720 2507 navigavit
738 2453 777 2490 ca.
790 2437 853 2490 VII.
869 2438 905 2492 K.
924 2436 995 2490 Sext.

366 2527 445 2580 rediit
461 2527 540 2594 paulo
560 2529 620 2579 ante
643 2527 682 2580 ld.
698 2526 754 2580 Oct.

241 2616 332 2670 Cicero
350 2615 491 2668 Vatinium
511 2615 628 2668 defendit
647 2618 763 2668 exeunte
782 2632 875 2668 mense
895 2615 967 2668 Sext.
1369 2617 1413 2669 49.

367 2705 459 2757 eodem
479 2705 534 2756 fere
553 2709 672 2772 tempore
690 2722 737 2772 pro
757 2705 852 2758 Crasso
871 2705 899 2756 in
918 2708 1012 2757 senatu
1031 2706 1099 2757 dixit
1369 2706 1412 2758 52.

242 2793 332 2846 Oratio
351 2809 398 2861 pro
418 2794 464 2847 Cn.
484 2793 594 2846 Plancio
613 2793 704 2845 habita
723 2797 764 2845 est
783 2810 821 2847 ca.
842 2793 910 2846 Non.
930 2792 1002 2860 Sept.
1023 2793 1105 2861 (ludis
1124 2793 1261 2863 Rauracis)
1368 2795 1412 2847 49.

241 2883 288 2952 Ep.
309 2884 343 2936 ad
363 2885 417 2936 Att.
437 2882 483 2935 IV.
505 2883 538 2935 17
558 2885 572 2950 ξ
593 2883 606 2935 1
627 2883 784 2935 eniendatm·
1369 2885 1412 2936 55.

273 3109 276 3118 .
349 3081 370 3132 1)
384 3081 425 3122 hac
439 3080 513 3122 tabula
527 3080 646 3133 composui,
658 3079 762 3133 quidquid
772 3083 857 3132 praeter
871 3082 945 3122 cetera
958 3079 1047 3132 dignum
1062 3080 1115 3122 duxi
1130 3083 1249 3122 memoratu
1263 3092 1344 3132 corum,
1359 3092 1415 3133 quae

241 3151 282 3192 hac
297 3163 345 3193 nica
359 3151 512 3194 dissertatione
525 3153 616 3206 probare
630 3151 712 3192 studui.
