3259 5042
750 279 967 343 ÷m-

273 463 486 540 retinuerunt,
510 460 594 522 diem
617 459 778 536 nonitem
796 463 834 520 ut
851 464 958 539 aperte
980 458 1110 520 falsum:
1135 457 1184 519 illi
1202 457 1302 538 igitur
1320 460 1447 518 sumant

273 587 411 630 neeesse
426 573 473 630 est
502 566 686 629 Ciceronem
716 567 862 628 instituto
892 566 1015 628 itineris
1045 565 1156 628 ordine
1186 563 1309 626 abiecto
1333 566 1449 624 iterum

273 676 409 739 Antium
428 694 461 738 se
480 675 667 738 contulisse:
689 693 773 736 mera
793 671 976 736 coniectura
994 691 1108 754 neque,
1128 671 1214 753 quod
1229 670 1364 750 videam,
1385 670 1448 732 ulla

273 803 307 846 re
330 782 494 867 probabili.
527 802 630 864 neque
660 787 766 844 tamen
797 787 857 866 est,
887 781 973 862 qnod
1004 779 1150 858 Bootioll
1175 778 1387 859 obloquamur
1410 776 1449 838 de

273 890 378 953 medio
410 909 519 952 mense
553 889 636 951 Maio
670 895 760 972 (cum
793 888 976 967 Schuetzio)
1009 887 1176 968 cogitanti,
1212 905 1275 967 quo
1309 892 1449 966 tempore

274 996 457 1060 Ciceronem
482 983 572 1058 Antii
601 996 700 1058 fuisse
724 995 842 1058 seimus
866 1014 907 1057 ex
931 1014 977 1076 ep.
1001 994 1039 1056 ad
1065 992 1123 1067 (lu.
1142 993 1179 1056 fr.
1198 992 1238 1054 ll.
1259 995 1295 1054 6:
1320 996 1388 1053 tum
1412 1010 1449 1052 ca

274 1105 410 1186 epistula
434 1123 477 1165 oa.
497 1102 542 1166 Id.
563 1101 664 1164 Maias
688 1102 804 1184 scripta
827 1102 884 1178 sit3
915 1120 1110 1183 quamquam
1139 1099 1245 1162 Bootii
1273 1099 1449 1161 sententiae

274 1231 339 1274 non
362 1211 457 1273 nimis
481 1210 552 1274 ideo
577 1209 745 1289 sordidam,
770 1209 855 1290 quod
881 1228 921 1270 ox
945 1210 1014 1291 ipsa
1037 1208 1093 1270 illa
1116 1227 1163 1290 ep.
1187 1213 1329 1290 apparet,
1353 1226 1447 1288 (luam

273 1319 364 1381 facile
388 1340 424 1383 ac
449 1339 546 1401 quam
569 1337 662 1400 saepe
684 1316 808 1379 Tullius
831 1308 967 1378 Antium
994 1316 1148 1378 reviserit.
1176 1315 1350 1377 verisimile
1373 1334 1449 1376 saue

274 1432 321 1490 est
349 1446 423 1490 eum
454 1427 592 1507 primum
627 1425 747 1501 statim,
781 1444 854 1486 cum
879 1425 1013 1485 Antium
1046 1427 1118 1505 post
1150 1423 1248 1485 libros
1281 1422 1449 1504 dispositos

275 1535 425 1613 venisset,
446 1533 551 1595 Attico
570 1533 651 1594 hanc
670 1532 795 1593 misisse
815 1532 983 1613 epistulam
1002 1531 1228 1612 (mense-Apa,
1247 1535 1283 1592 ut
1301 1529 1449 1600 vidimus

275 1646 306 1703 et
328 1641 461 1702 ineunte
485 1639 569 1702 Maio
593 1640 684 1701 Antii
708 1639 806 1701 fuisse
830 1658 895 1725 non
919 1637 1066 1719 videtur).
1090 1643 1253 1720 praeterea
1277 1639 1383 1699 neseio
1407 1657 1449 1698 au

274 1749 355 1811 illud
379 1749 515 1828 „alsind‘
540 1751 571 1827 (ξ
595 1751 609 1810 1
631 1747 707 1828 lint
733 1747 818 1828 quod
843 1747 882 1808 de
906 1747 1029 1808 Antiati
1052 1732 1261 1828 praedicatur,
1286 1746 1386 1827 magis
1410 1744 1448 1806 ad

274 1875 414 1917 mensem
440 1854 561 1917 Maium
586 1874 683 1937 qnam
707 1855 782 1937 Apr.
808 1854 949 1936 quadret.

503 2065 1196 2156 mumnuessnwa

275 2209 540 2273 Schuetzius:
567 2226 628 2272 son
644 2209 762 2271 Romae
786 2214 925 2271 exeunte
949 2228 1057 2271 mense
1082 2208 1175 2270 lunio
1199 2229 1225 2271 a.
1242 2228 1309 2272 uc.
1331 2211 1403 2271 697.

276 2305 450 2380 Gruberi
480 2324 550 2398 post
573 2315 618 2378 ld.
640 2315 747 2378 Maias.

274 2425 414 2500 Hoffa:
441 2445 498 2488 scr.
519 2429 656 2487 exeunte
679 2444 788 2488 mense
811 2425 906 2486 Iunio
931 2447 956 2486 a.
978 2444 1006 2489 u.
1028 2447 1052 2488 c.
1073 2426 1146 2487 698.

277 2532 432 2596 Baiter:
591 2538 594 2545 '
624 2533 636 2612 l

277 2615 640 2722 W‘csenbergius:i

363 2746 420 2830 Ep'.
442 2752 488 2809 est
512 2748 628 2829 scripta
646 2747 778 2828 Romae,
804 2756 968 2829 quonum
993 2755 1166 2828 antequam
1184 2747 1318 2808 Antium
1337 2747 1398 2807 iret
1416 2763 1450 2806 se

275 2854 444 2917 contulerit
464 2853 572 2916 Cicero
592 2853 685 2916 video
710 2855 855 2916 homines
879 2854 988 2915 doctos
1011 2853 1093 2915 inter
1111 2873 1145 2915 se
1169 2873 1232 2915 non
1252 2853 1447 2915 cousentire:

212 3043 213 3048 ἵ
275 2961 400 3024 Gruber
423 2962 553 3042 quidem
577 2961 688 3023 scribit
711 2961 752 3044 (p.
778 2963 825 3044 o):
865 2982 955 3041 „cum
978 2961 1104 3040 urbem,
1129 2981 1226 3043 quam
1249 2960 1331 3022 Non.
1357 2959 1449 3021 Maiis
1477 2962 1479 2969 ’

275 3069 461 3148 intraverat,
490 3069 606 3130 iterum
634 3067 848 3150 reliquisset‘3
880 3067 1119 3147 Drumannus‘2)
1143 3068 1176 3128 id
1200 3068 1328 3150 negauit
1350 3068 1450 3129 fretus

277 3194 323 3257 ep.
348 3175 386 3236 ad
412 3176 478 3238 Aa.
501 3174 557 3236 lv,
583 3177 634 3256 73)
664 3176 697 3236 ni
720 3175 813 3237 fallor
837 3175 943 3237 verbis
972 3176 1021 3237 his
1046 3175 1079 3257 (ξ
1107 3176 1155 3256 3);
1191 3194 1279 3254 „mea
1303 3175 1450 3236 mandata

277 3283 429 3345 dedomo
453 3282 593 3344 curabis:
618 3282 775 3364 praesidia
798 3282 930 3362 locabis,
954 3282 1106 3344 Milonem
1130 3281 1342 3360 admonebis,
1367 3301 1449 3364 quae

276 3408 339 3471 quo
364 3389 474 3450 ordine
498 3390 649 3470 leguntur
672 3408 737 3468 non
767 3395 902 3471 possunt
931 3389 1084 3470 explicari
1108 3390 1186 3450 nisi:
1218 3388 1372 3451 Milonem
1396 3389 1450 3451 ad-

276 3496 434 3576 monebis,
458 3516 498 3558 ue
522 3517 580 3558 nos
604 3517 677 3558 oum
700 3516 794 3580 grege
819 3517 877 3559 suo
902 3502 1011 3579 eontra
1033 3487 1170 3579 impetus
1190 3496 1292 3560 Clodii
1317 3498 1449 3560 deficiat.

249 3614 252 3619 '
276 3622 379 3685 neque
400 3605 571 3686 quicquam
591 3599 702 3666 in‘hac
726 3604 863 3687 epistula
882 3605 976 3685 inest,
996 3625 1060 3686 quo
1080 3624 1113 3667 se
1132 3603 1317 3666 NonMaiis
1331 3604 1451 3667 Romae

276 3731 345 3774 esse
364 3712 447 3774 nolle
468 3711 575 3774 Cicero
595 3711 727 3774 indicet:
755 3716 911 3794 quantum
932 3711 1025 3773 video
1044 3712 1124 3774 nibil
1144 3710 1257 3791 obstat,
1277 3713 1450 3794 quominus

276 3837 362 3898 eum,
393 3823 430 3881 ut
452 3819 540 3881 fratri
565 3820 745 3900 scripserat,
780 3839 823 3882 oa.
849 3839 895 3900 pr.
922 3818 1004 3882 Non.
1028 3818 1129 3884 Maias
1161 3819 1296 3881 Romam
1319 3821 1451 3882 rediisse
1477 3802 1511 3834 ³

276 3924 468 3988 arbitremur
491 3945 528 3988 ac
550 3926 660 4008 paucis
685 3925 798 3988 diebus
821 3932 892 4007 post
915 3927 978 3988 isse
996 3925 1142 3988 Antium.
1168 3925 1265 3988 verba
1287 3926 1372 3987 enim
1396 3926 1458 3987 illa.

664 2607 722 2648 scr.
742 2586 862 2649 Romae
885 2606 993 2648 mense
1018 2585 1100 2647 Maio
1125 2607 1152 2648 a.
1173 2605 1203 2647 u.
1224 2605 1248 2647 c.
1269 2587 1342 2648 698.
