3259 5042
682 279 891 338 ,5;,,

202 453 372 517 Gruber:
408 454 465 516 III.
489 453 558 516 Kal.
584 453 650 516 Oct.
851 539 854 544 1

201 561 338 623 Hoffa:
354 581 412 624 scr.
418 563 532 644 partim
542 563 737 644 inArpinati‚
747 563 860 644 partim
868 561 986 624 Romae
996 562 1371 645 menseSept.a.u.o.700.

201 667 356 732 Baiter:
382 689 439 734 sor.
459 689 568 732 mense
591 669 673 752 Sept.
698 691 723 732 a.
745 690 773 732 u.
794 690 819 731 e.
846 673 917 734 too.

201 775 507 860 Wesenbergius:
552 797 609 841 scr.
638 797 747 840 mense
777 778 860 860 Sept.
891 778 965 861 (dat.
992 799 1018 840 a.
1044 778 1072 839 d.
1102 777 1160 838 HI.
1185 775 1255 838 Kal.
1289 775 1371 857 Oct.)

360 905 385 946 a.
405 904 435 948 u.
456 903 481 947 c.
498 885 570 948 700.
1200 896 1205 904 '

288 989 434 1073 Epistula
464 1011 617 1073 perquam
649 993 743 1074 longa
776 993 911 1056 diversis
943 997 974 1054 et
1005 993 1084 1054 locis
1117 996 1147 1054 et
1179 989 1292 1055 diebus
1324 994 1372 1052 est

200 1099 330 1180 sorIpta:
363 1119 436 1180 pars
462 1099 549 1180 prior
580 1119 681 1181 usque
712 1100 751 1161 ad
782 1098 879 1162 rerba
903 1101 921 1179 ξ
949 1102 1005 1162 lt:
1041 1147 1136 1179 .....
1147 1117 1234 1160 nunc
1257 1097 1371 1159 domus
1454 1105 1460 1122 ⁸

200 1205 380 1288 suppedItat
397 1207 475 1268 mihi
495 1206 656 1269 hortorum
680 1209 921 1270 amoenitatem‘
939 1208 972 1269 in
992 1207 1153 1290 Arpinati,
1176 1226 1249 1288 pars
1273 1205 1371 1266 altera

199 1313 325 1375 Rornae.
351 1313 436 1395 quod
455 1315 494 1375 ad
514 1319 638 1396 tempus
662 1315 784 1395 attinet,
809 1335 846 1377 ea
870 1334 967 1396 quam
987 1314 1055 1376 dixi
1077 1335 1151 1396 pars
1169 1314 1204 1374 in
1223 1310 1370 1394 Arpinati

200 1421 376 1502 conscripta
394 1421 571 1482 videtur-
598 1441 671 1482 oum
691 1421 799 1484 Cicero
820 1443 884 1504 qua
902 1426 968 1484 erat
985 1421 1206 1504 proficiscendi
1224 1419 1370 1482 tarditate

198 1528 258 1591 iter
281 1547 321 1590 ex
345 1528 503 1610 Arpinati·
516 1527 648 1590 Romam
672 1547 737 1590 nou
760 1549 825 1592 uno
850 1531 901 1592 die
924 1530 1078 1592 conficere
1101 1529 1228 1608 soleret,
1258 1526 1313 1589 sed
1337 1527 1370 1586 iu

198 1635 366 1718 Anagnino
386 1641 527 1698 maneret
535 1635 559 1719 ¹)
573 1673 614 1679 --
630 1657 655 1698 a.
673 1637 701 1698 d.
713 1635 820 1698 XVIl.
837 1638 887 1699 vel
901 1636 990 1700 XVI.
1007 1635 1077 1698 Kal.
1099 1634 1175 1716 eet,
1194 1655 1268 1717 pars
1286 1634 1370 1694 inse-

199 1762 312 1824 quens
337 1762 409 1805 oum
432 1742 566 1806 Romam
589 1764 614 1808 a.
636 1743 663 1806 d.
689 1743 779 1808 XIII.
805 1743 875 1806 Kal.
896 1743 962 1806 Oct.
986 1745 1180 1822 revertisset,
1203 1759 1307 1822 usque
1330 1739 1370 1801 ad

200 1852 279 1930 §22
304 1849 371 1930 fin..
394 1856 430 1912 ut
452 1851 587 1931 videtur,
616 1872 641 1913 a.
663 1851 691 1912 d.
711 1851 769 1914 XI.
790 1850 859 1914 Kal.
880 1851 960 1931 Oct,
989 1852 1104 1934 partlm
1133 1850 1236 1932 Ipsius
1264 1867 1369 1926 manu,

197 1959 312 2040 partim
330 1957 462 2037 IlroniS,
480 1958 604 2039 reliqua
622 1979 648 2020 a.
667 1959 694 2020 d.
710 1958 767 2020 III.
779 1957 848 2020 Kal.
860 1958 926 2021 Oet.
941 1961 973 2038 (ξ
984 1959 1054 2039 24);
1075 1978 1157 2040 quae
1177 1957 1237 2018 nisi
1256 1953 1370 2037 postri-

197 2064 248 2126 die
260 2063 316 2126 IV.
334 2063 402 2128 Kal.
417 2063 483 2126 Oct.
497 2067 682 2147 scripsisset-
701 2065 851 2128 adverbio
871 2065 999 2146 „hodie‘
1020 2065 1086 2127 dies
1106 2070 1173 2127 erat
1191 2061 1367 2125 addendus.

285 2170 392 2233 Pauca
415 2172 467 2233 liic
491 2172 605 2234 addere
629 2173 721 2235 liceat
746 2173 784 2235 de
808 2174 867 2254 eie,
892 2193 973 2255 quae
996 2172 1155 2254 Bergkius
1178 2171 1197 2232 l.
1217 2170 1236 2233 l.
1257 2169 1296 2232 de
1319 2169 1369 2230 his

196 2278 317 2346 litteris,
330 2279 494 2342 disseruit:
519 2279 686 2361 prmiunrl)
706 2279 802 2342 verba
816 2282 849 2361 (ξ
863 2282 914 2359 17)
931 2281 1023 2342 haec:
1049 2277 1223 2359 „tabellarii
1240 2298 1259 2338 a
1277 2275 1369 2338 robis

197 2391 355 2448 venerunt
378 2407 404 2448 a.
425 2386 452 2448 d.
472 2385 530 2448 Xl.
550 2385 619 2448 Kal.
644 2386 809 2469 septembr.
840 2389 991 2450 vicesimo
1016 2388 1084 2449 die‘
1108 2391 1214 2468 aperte
1238 2385 1369 2467 quidem

196 2491 288 2572 falsa,
317 2493 373 2554 sod
396 2494 508 2575 viginti
530 2494 595 2556 fere
625 2493 739 2556 abhinc
763 2514 865 2557 annos
888 2495 1061 2557 rectissime
1084 2515 1103 2556 a
1125 2492 1289 2573 Bardtio³l
1322 2492 1368 2553 sic

197 2599 376 2662 emendata:
420 2622 467 2680 „a
493 2600 520 2663 d.
547 2600 604 2663 XI.
634 2599 702 2663 Kal.
737 2585 924 2684 septimo
961 2603 1113 2664 rIcesimo
1147 2601 1221 2663 (ιὶθιι
1257 2617 1368 2661 sanare

196 2713 327 2769 conatus
351 2713 412 2787 est,
441 2727 514 2770 cunr
543 2729 568 2770 a.
595 2709 622 2772 d.
647 2708 704 2771 XI.
729 2708 798 2772 Kal.
826 2709 891 2773 Oet.
916 2711 1002 2793 (cum
1025 2708 1183 2790 Manutio)
1208 2706 1367 2770 triceSImo

197 2813 246 2876 die
270 2813 426 2876 scriberet.
454 2853 493 2858 —
519 2815 632 2878 deinde
658 2818 828 2898 quaesiuit,
853 2837 916 2899 quo
940 2823 1080 2900 tempore
1104 2817 1200 2895 Iulia,
1225 2813 1368 2876 Caesaris
1438 2805 1441 2809 ’

194 2919 260 2982 filia
284 2920 480 3003 Pompeique
503 2943 595 3003 uxor,
625 2924 664 2985 de
695 2925 759 2986 vita
788 2925 990 3001 decessissem
1023 2923 1109 3005 quod
1137 2925 1207 2986 eius
1237 2941 1368 3003 compu-

195 3029 313 3090 tatione
331 3029 449 3091 factum
467 3035 513 3092 est
531 3036 668 3094 exeunte
684 3031 860 3094 menseIul.
872 3032 923 3094 rel
941 3033 1072 3094 ineunte
1082 3032 1175 3113 Aug,
1193 3031 1367 3092 inmense

195 3134 308 3197 Sextili
332 3141 469 3198 exeunte
492 3139 567 3198 anni
589 3140 651 3202 700
675 3159 700 3200 a.
722 3160 765 3216 u.;
792 3139 925 3201 eandem
950 3139 1137 3202 sententiam
1161 3137 1258 3199 habes
1282 3136 1367 3218 apud

195 3241 227 3305 L.
248 3241 448 3326 Largiana
472 3244 555 3306 Iulia
581 3245 685 3307 adhuc
709 3247 744 3307 in
769 3247 852 3308 viris
874 3247 973 3310 fuisse
997 3246 1132 3326 videtur,
1163 3265 1235 3307 oum
1258 3243 1366 3306 Cicero

195 3350 300 3431 epod
321 3349 494 3424 ouran.
519 3355 557 3414 lb
578 3353 742 3432 scriberet,
774 3353 830 3416 ubi
853 3353 980 3416 nullum
1003 3353 1136 3416 verbum
1161 3353 1200 3414 de
1224 3350 1368 3413 Caesaris

194 3457 298 3535 luctu3
324 3458 379 3538 sed
405 3478 475 3521 eam
493 3462 659 3541 perpaucis
685 3460 796 3524 diebus
821 3466 892 3544 post
915 3467 1073 3524 mortuam
1092 3481 1160 3523 esse
1178 3460 1254 3521 inde
1273 3479 1367 3540 appa-

194 3569 254 3644 ret,
279 3566 364 3646 qued
385 3585 458 3628 cunr
476 3566 599 3629 Tullius
622 3569 718 3650 paulo
737 3575 807 3651 post
826 3569 907 3631 Non.
927 3568 1043 3651 Septi)
1068 3567 1146 3630 urbe
1165 3565 1368 3649 egrederetur

193 3673 256 3732 ianr
276 3672 393 3734 obiisse
412 3673 574 3755 ridetur.⁶)
597 3693 670 3735 nam
687 3680 759 3736 ante
779 3695 825 3757 ep.
839 3676 887 3737 ad.
904 3673 962 3750 Qu.
976 3675 1012 3738 fr.
1028 3674 1084 3737 III.
1099 3677 1114 3736 1
1133 3675 1253 3736 litteras
1273 3693 1367 3754 quas-

281 3865 307 3929 1)
327 3866 360 3919 cf.
382 3883 405 3932 p.
425 3866 460 3918 39
479 3867 538 3919 adn.
559 3868 584 3925 2.
698 3870 724 3934 2)
743 3868 761 3922 1.
775 3868 792 3921 l.
813 3886 838 3936 p.
859 3870 911 3922 622
931 3871 991 3922 adn.
1012 3871 1036 3924 2.

281 3953 307 4022 3)
328 3953 345 4010 l.
365 3953 383 4007 l.
403 3973 427 4022 p.
447 3956 481 4007 32
501 3973 549 4024 sq„
570 3957 614 4009 cui
633 3958 777 4009 assentitur
796 3957 827 4012 Ο,
847 3959 876 4011 Ε.
896 3959 1026 4012 Schmidt.
1046 3959 1063 4011 l.
1083 3959 1100 4010 l.
1120 3976 1145 4026 p.
1165 3958 1190 4010 6.

281 4043 308 4111 4)
328 4043 382 4096 1112
402 4062 426 4111 p.
447 4046 514 4112 3523
534 4047 566 4100 cf.
587 4047 796 4101 erumnam
815 4066 840 4116 p.
859 4050 925 4115 3173
949 4049 1054 4102 Nissen.
1075 4049 1146 4117 apud
1164 4049 1198 4101 H.
1216 4067 1241 4100 v.
1260 4047 1365 4115 Syhel:

193 4131 284 4184 histor.
305 4133 431 4187 Zcr'tschr.
446 4135 537 4188 XLIV
557 4137 646 4202 (1880)
666 4155 691 4204 p.
708 4139 768 4190 442.

283 4223 309 4290 5)
330 4224 363 4275 cf.
383 4242 408 4291 p.
428 4225 461 4277 51
483 4225 516 4277 ad
535 4228 623 4293 epod
643 4228 693 4291 Qu.
714 4227 744 4279 fr.
764 4229 799 4280 II.
822 4229 862 4281 15.

285 4311 311 4378 6)
332 4313 365 4365 cf.
385 4330 425 4381 ep.
445 4315 478 4366 ad
498 4314 547 4379 Qu.
568 4315 598 4367 fr.
619 4316 673 4369 ΙΙΙ.
694 4317 718 4383 1,
738 4317 763 4385 5,
784 4318 832 4383 173
853 4319 877 4385 7,
897 4319 939 4371 25.
