3259 5042
713 245 922 306 ...11-

319 416 382 499 Ep.
406 416 451 482 ud
475 415 561 482 fam.
585 417 615 482 Ι.
641 417 679 482 2:
698 417 751 486 111.
778 417 886 481 Cicero
916 417 946 480 S.
975 417 1012 480 D.
1037 418 1071 481 P.
1099 418 1234 482 Lentulo
1258 419 1402 482 Procas:

369 538 370 541 ’
478 526 595 608 scripta
618 547 644 588 a.
665 525 693 589 d.
712 524 802 590 XVI.
828 524 866 588 K.
886 525 975 590 Febr.
999 527 1030 607 (ξ
1049 530 1072 590 4
1093 527 1158 608 in).

320 666 367 732 De
391 669 535 751 epistulis
559 667 767 750 sequentibus
791 671 809 732 3
835 673 866 732 et
889 672 910 732 4
934 688 998 732 una
1022 669 1220 753 disputemus
1243 676 1372 768 oportet.

321 845 384 928 Ep.
404 845 448 911 ad
472 845 557 910 fam.
582 846 613 911 Ι.
637 845 676 910 3:
714 845 754 908 M.
780 845 889 909 Cicero
913 846 942 910 S.
962 845 1000 909 D.
1021 846 1054 908 P.
1074 844 1208 910 Lentulo
1232 847 1359 911 Procas.

320 989 389 1054 Hae
412 991 533 1053 iltterae
557 990 836 1054 commendaticiae
858 1009 915 1074 pro
934 991 972 1054 A.
991 989 1145 1054 Trebonio
1169 991 1211 1054 ad
1233 990 1268 1053 P.
1288 990 1406 1054 lentu-

231 1098 297 1162 lum
321 1097 520 1181 Spintherem
550 1097 652 1176 datae,
672 1086 824 1160 'Ciliciam
849 1103 879 1161 et
903 1096 1044 1181 Cyprum
1071 1098 1147 1161 inde
1169 1097 1209 1160 ab
1232 1118 1315 1162 anno
1340 1101 1404 1163 698

232 1202 545 1285 administrantem,¹)
576 1224 686 1268 ansam
716 1206 895 1268 accuratius
925 1203 1096 1268 definiendi
1121 1206 1271 1288 temporis
1293 1225 1350 1289 per
1372 1226 1406 1269 se

233 1313 361 1396 quidem
385 1331 450 1374 non
473 1311 636 1392 exhibent,
660 1312 716 1376 sed
738 1313 821 1376 inter
844 1331 890 1396 ep.
910 1317 1010 1376 certas
1028 1315 1064 1376 in
1085 1305 1309 1396 manuscriptis
1332 1320 1407 1376 sunt

231 1419 370 1483 traditae.
395 1425 426 1482 et
449 1424 496 1482 est
520 1439 595 1482 sane
618 1419 790 1482 verisimile
814 1419 997 1482 Ciceronem
1021 1419 1107 1482 haud
1131 1421 1176 1482 ita
1197 1421 1298 1482 multo
1322 1427 1406 1502 post-

232 1547 327 1610 quam
349 1528 384 1588 in
406 1527 605 1610 prouinciam,
625 1527 712 1589 venit
734 1526 869 1590 Lentulo
893 1528 1032 1589 amicum
1055 1526 1301 1590 commendasse.
1331 1547 1403 1590 cum

232 1654 307 1723 vero
331 1635 453 1710 litterae
476 1635 755 1697 commendaticiae
779 1634 859 1696 libro
884 1633 967 1697 XIII
983 1654 1028 1717 ep.
1040 1635 1079 1697 ad
1094 1635 1167 1697 fam.
1185 1635 1408 1698 contineantur

232 1761 336 1824 neque
355 1742 483 1804 omnino
508 1740 658 1805 credibile
677 1743 718 1805 sit
737 1740 919 1805 Ciceronem
939 1741 1106 1824 epistulam
1130 1747 1195 1804 tam
1217 1743 1314 1805 vilem
1338 1748 1407 1805 tum

231 1850 265 1910 in
289 1847 431 1912 Ciliciam
453 1851 589 1929 misisse,
613 1850 688 1912 haec
712 1868 757 1931 ep.
781 1849 879 1932 priori
903 1849 1052 1912 adiuncta
1074 1849 1173 1912 fuisse
1196 1849 1331 1912 videtur.

320 1956 390 2020 Iam
413 1961 584 2020 tractemus

304 2133 368 2217 Dp.
388 2135 432 2200 ad
456 2134 541 2201 fam.
566 2135 597 2201 Ι.
621 2135 659 2200 4:
689 2135 731 2200 M.
756 2135 865 2200 Cicero
888 2137 919 2200 S.
938 2135 976 2199 D.
996 2137 1030 2199 P.
1050 2136 1184 2200 Lentulo
1208 2136 1334 2200 Procos.

234 2278 496 2343 Schuetuius:
522 2299 579 2342 scr.
604 2278 723 2343 Romae
747 2301 790 2343 ca.
816 2302 842 2343 a.
868 2281 895 2343 d.
919 2279 1009 2343 XIV.
1033 2279 1103 2343 Kal.
1128 2279 1216 2343 Febr.

234 2385 404 2449 Gruber:
430 2385 502 2450 XV.
528 2385 596 2449 Kal.
623 2385 710 2450 Febr.

234 2492 388 2556 Baiter:
414 2513 471 2556 scr.
496 2492 615 2557 Romae
638 2515 746 2559 meuse
769 2494 835 2560 lan.
855 2517 881 2558 a.
901 2517 931 2558 u.
952 2515 977 2560 c.
998 2497 1071 2559 698.

234 2597 542 2684 Wesenbergius:
564 2601 1407 2668 60611010666161166100117.Κ61.1161)1.(1.11.6.698.

323 2707 448 2771 Gruber
471 2728 609 2791 eumque
633 2716 761 2773 secutus
786 2709 1046 2792 WesenbergiuS,
1070 2711 1103 2771 ni
1126 2709 1226 2788 fallor,
1250 2707 1336 2791 quod
1361 2727 1406 2791 ep.

234 2814 274 2876 ad
293 2815 365 2879 fam.
385 2815 409 2879 I.
429 2819 448 2878 2
469 2837 494 2879 a.
515 2817 543 2880 1.
563 2815 652 2880 XVI.
672 2817 741 2880 Kal.
758 2817 847 2881 Febr.
868 2819 983 2900 scripta
1001 2822 1062 2898 cst,
1085 2817 1180 2897 hanc,
1200 2836 1236 2878 eo
1257 2816 1307 2878 die
1327 2834 1408 2897 quae

234 2928 321 3005 gesta
336 2924 399 2986 sint
413 2925 634 3004 continentem,
646 2925 827 3007 insequenti
844 2925 895 2988 die
912 2925 1018 2986 datam
1032 2923 1238 2986 arbitrantur:
1259 2922 1407 3005 equidem

234 3049 297 3092 non
327 3031 432 3111 videa,
465 3051 523 3093 cur
556 3051 629 3093 cum
661 3033 856 3114 permultum
888 3031 1015 3096 Lentuli
1043 3032 1221 3111 interesset,
1252 3036 1408 3112 utquam

235 3138 396 3202 celerrimo
420 3138 458 3201 16
482 3140 540 3219 616,
565 3158 646 3220 quae
664 3140 699 3200 in
717 3144 830 3202 senatu
849 3144 919 3201 acta
942 3142 1058 3219 essent,
1087 3139 1202 3201 certior
1224 3136 1325 3217 fieret,
1349 3136 1408 3198 hoc
1433 3180 1437 3186 ,

235 3247 304 3326 ipso
328 3245 378 3308 die
398 3246 564 3327 epistulam
584 3247 732 3329 scriptam
751 3265 816 3310 non
839 3253 997 3330 putemua.
1020 3247 1084 3320 huc
1103 3245 1237 3325 accedit,
1262 3242 1348 3326 quod
1368 3262 1409 3305 ex

235 3353 293 3428 eis,
323 3353 447 3434 quae&
465 3357 489 3415 Ι1
516 3351 622 3436 (extr.)
644 3354 796 3436 leguntur
820 3355 977 3436 („senatus
1009 3352 1117 3416 haberi
1149 3357 1221 3414 ante
1248 3349 1409 3413 Kalendas

235 3457 421 3521 Februarias
444 3460 625 3544 perlegam
648 3461 809 3544 Pupiam.
840 3513 846 3524 .
875 3481 965 3524 .nou
988 3459 1139 3544 potest“),
1163 3460 1276 3521 collata
1299 3477 1345 3539 ep.
1370 3457 1410 3519 ad

237 3565 419 3642 0111111.
444 3570 463 3630 ‘2
489 3570 519 3649 (ξ
544 3571 579 3632 3;
614 3571 794 3649 „consecuti
827 3574 903 3633 sunt
935 3568 1001 3632 dies
1026 3567 1211 3647 comitiales,
1243 3585 1300 3648 per
1329 3582 1410 3647 quos

236 3680 364 3738 senatus
387 3675 494 3738 haberi
523 3696 588 3738 non
615 3679 764 3759 poterat‘,
792 3697 834 3740 60.
858 3675 931 3739 XV.
957 3683 987 3739 et
1009 3675 1099 3738 XIV.
1123 3673 1193 3737 Kal.
1217 3672 1320 3753 Febr,
1345 3691 1409 3754 quc

236 3782 287 3845 die
311 3801 356 3866 ep.
380 3782 435 3845 illa
458 3785 573 3867 scripta
592 3783 651 3865 est)
669 3786 776 3847 nescio
801 3804 842 3847 an
864 3784 920 3847 fiat
942 3783 1104 3868 probabile
1122 3783 1179 3844 has
1197 3782 1318 3844 litteras
1337 3787 1409 3843 ante

236 3889 303 3952 dies
326 3891 509 3954 comitiales¹
523 3892 611 3956 datas
635 3911 717 3974 esse,
739 3894 765 3955 i.
783 3912 807 3956 e.
832 3890 922 3956 XVI.
946 3891 1015 3954 Kal.
1039 3890 1128 3954 Febr.

324 3996 432 4061 Habes
461 4000 559 4082 igitur
588 3987 739 4083 epistulas
767 4003 801 4080 2,
826 4003 904 4079 3,4
934 3999 974 4062 ad
1003 3997 1175 4062 Lentulum
1204 3999 1238 4058 in
1267 3994 1408 4058 Ciliciam

236 4105 436 4168 missasuno
461 4100 635 4190 eodemque
654 4107 705 4169 die
724 4107 871 4189 scriptas,
897 4125 995 4188 quare
1018 4106 1075 4166 vix
1098 4104 1254 4184 dubitem,
1278 4103 1356 4189 quin
1376 4102 1409 4167 in

326 4301 353 4370 1)
372 4301 520 4356 Drumaun.
540 4303 567 4356 Π
585 4320 610 4371 p.
630 4303 691 4356 541.
