3259 5042
681 203 892 266 ..8-

198 380 308 444 Cicero
332 382 371 445 de
402 381 511 444 Clodio
542 383 671 464 utrique
701 383 764 464 legi
792 383 982 444 adversante
990 385 1013 457 ¹)
1041 381 1120 443 nihil
1150 381 1376 462 (1161666611-

199 509 296 572 quam
319 488 587 552 verisimillimum
611 493 659 552 est
677 490 783 552 statim
801 496 872 572 post
890 489 977 572 leges
995 489 1067 552 illas
1085 489 1282 571 conscriptas
1300 507 1375 551 eum

199 602 230 658 et
253 615 385 680 negasse
407 597 581 680 quicquam
605 597 662 659 uni
686 601 776 660 extra
800 596 945 660 ordinem
963 597 1141 680 oportuisse
1164 596 1292 658 decerni
1301 598 1325 676 ²)
1344 601 1376 658 61

200 701 383 767 Ciceronem
411 704 663 788 reprehendisse,
695 704 780 786 quod
808 705 848 766 ad
878 704 989 787 populi
1017 710 1123 786 partes
1152 703 1316 765 transisset
1344 706 1376 764 et

203 812 295 894 quasi
318 811 509 894 prodidisset
532 817 661 874 senatus
684 812 903 874 auctoritatem
928 811 1027 873 hostis
1051 809 1286 893 Capitolinus.³)

602 973 977 1072 mumma

203 1132 462 1195 Schuetaius:
489 1152 545 1196 scr.
570 1131 688 1195 Romae
711 1151 819 1200 mense
843 1130 971 1194 Octobri
995 1153 1020 1193 a.
1044 1151 1074 1193 u.
1099 1151 1124 1193 c.
1150 1132 1222 1194 696.

204 1239 376 1302 Gruber:
410 1260 429 1302 a
456 1259 500 1323 pr.
525 1237 593 1304 Kal.
619 1238 685 1303 Oct.
710 1260 755 1324 ep.
787 1240 909 1303 orditur
942 1245 972 1306 et
1004 1239 1124 1320 aliquot
1157 1238 1280 1300 dierum
1308 1244 1377 1298 acta

335 1347 565 1430 complectitur,
594 1367 698 1429 neque
725 1353 831 1410 tamen
861 1347 963 1410 serius
987 1367 1082 1428 quam
1108 1345 1165 1408 Ill.
1190 1344 1270 1407 Non
1295 1342 1374 1406 Noc.

336 1454 415 1534 data,
439 1454 531 1516 cuius
555 1454 618 1516 diei
642 1459 710 1516 acta
732 1455 766 1516 in
790 1474 837 1537 ep.
862 1453 902 1516 ad
925 1454 988 1517 Att
1012 1453 1068 1515 IV.
1093 1456 1112 1515 3
1137 1457 1313 1515 narrantur.

204 1559 386 1644 Suepfle:
412 1580 469 1623 scr.
493 1559 611 1624 Romae
635 1580 742 1624 mense
767 1559 833 1624 Oct.
858 1581 883 1623 a
909 1580 938 1622 u.
963 1581 988 1625 6,
1013 1561 1087 1622 697.

203 1667 319 1748 Frey:
346 1668 401 1731 der
415 1667 506 1731 Brief
521 1669 562 1730 ist
581 1673 660 1730 etwa
678 1669 770 1731 einen
785 1667 894 1730 Monat
908 1667 989 1730 nach
1004 1667 1074 1730 dem
1099 1664 1377 1750 vorhergeheuden

337 1773 549 1858 geschrieben.

205 1867 357 1946 Baiter:

204 1987 529 2071 Wesenbergius:

206 2094 474 2174 Hofmannus:
496 2095 551 2158 der
566 2095 656 2158 Brief
671 2096 712 2158 ist
731 2096 989 2158 wahrscheinlich
1005 2095 1094 2158 Mitte
1110 2093 1253 2173 October,
1269 2093 1378 2175 jeden·

244 2183 263 2206 ⁵²
340 2202 411 2265 falls
435 2223 493 2265 vor
516 2223 541 2266 a.
566 2204 594 2266 d.
619 2202 675 2266 111.
700 2203 780 2268 Non.
805 2203 885 2267 Nou.
908 2203 1120 2288 geschrieben.

296 2308 366 2372 Hae
384 2310 513 2391 litterae,
534 2310 650 2392 quibus
670 2329 751 2393 quae
770 2332 814 2394 pr.
834 2309 904 2374 Kal.
920 2310 985 2374 Oct.
1006 2316 1101 2392 atque
1119 2311 1248 2372 ineunte
1272 2328 1380 2371 mense

208 2414 335 2478 Octobri
359 2416 441 2478 facta
464 2425 538 2479 sunt
561 2424 754 2497 enarrantur,
779 2437 917 2500 quonam
942 2418 1059 2480 mensis
1082 2424 1222 2499 tempore
1245 2416 1379 2498 scriptae

209 2528 313 2586 essent
335 2524 394 2585 viri
420 2523 503 2587 docti
528 2535 677 2605 quaerere
701 2525 888 2614 noluerunt3
923 2544 1117 2606 quamquam
1151 2523 1307 2606 quaedam
1341 2523 1379 2584 ad

148 2613 151 2620 ’
208 2630 385 2692 accuratius
408 2611 532 2713 tempus
556 2630 771 2694 definiendum
795 2632 898 2694 inesse
917 2631 1074 2709 videntur,
1099 2631 1169 2693 dico
1188 2630 1285 2694 verba
1303 2631 1381 2692 haec.

206 2737 238 2818 16
258 2739 283 2820 2
307 2736 384 2815 1111.);
419 2757 531 2819 „quam
566 2740 618 2818 (sc.
648 2739 822 2802 orationem
855 2738 894 2821 de
927 2738 1030 2817 domo)
1062 2737 1128 2817 tibi,
1161 2739 1283 2801 etiamsi
1316 2756 1382 2798 non

208 2842 377 2924 desideras,
401 2850 507 2907 tantan
530 2845 652 2906 mittam
676 2845 769 2908 cito“:
795 2844 881 2907 unde
904 2844 1051 2908 concludi
1074 2864 1165 2927 posse
1188 2850 1297 2927 putem
1316 2844 1381 2926 epi·

587 1956 643 1999 scr.
668 1934 786 1998 Romae
810 1955 918 1998 mense
942 1934 1008 1998 Oct.
1032 1927 1112 1998 asu.
1137 1955 1162 1997 6.
1188 1936 1260 1997 691.

209 2951 324 3014 stulam
348 2951 432 3014 haud
456 2951 500 3014 ita
523 2953 623 3014 multo
646 2958 767 3036 postet
790 2952 928 3025 habitam
952 2955 1125 3015 orationem
1150 2958 1180 3015 et
1204 2972 1254 3014 res
1277 2952 1317 3012 iu.
1334 2970 1380 3033 ep.
1480 2944 1483 2948 ’

208 3063 349 3120 narratas
378 3058 500 3140 (diebus
532 3059 687 3122 distinctis
717 3080 818 3142 usque
846 3059 885 3122 ad
915 3081 941 3123 a.
971 3060 999 3122 d.
1023 3059 1078 3123 VI.
1102 3059 1183 3121 Non.
1208 3057 1285 3138 Oct.)
1314 3076 1382 3120 esse

208 3165 373 3247 scriptam:
407 3185 478 3226 nam
503 3166 645 3249 longiore
668 3168 818 3250 temporis
841 3169 942 3249 spatio
964 3167 1131 3250 praeterito
1155 3166 1247 3228 facile
1270 3166 1382 3229 oratio-

208 3290 281 3334 nem
305 3270 503 3334 scribendam
521 3273 625 3354 potuit
648 3292 759 3336 curare
783 3273 900 3336 Cicero,
924 3278 1085 3356 praeterea
1107 3272 1204 3335 verba
1222 3271 1380 3352 (§‚b·in,):

209 3361 429 3459 „aestimatio.
454 3427 460 3438 .
485 3430 491 3442 .
515 3379 771 3460 reprehenditur*
797 3380 1013 3442 demonstrare
1035 3378 1193 3460 videntur,
1222 3377 1381 3461 quomodo

210 3485 387 3570 acceperint
419 3470 562 3556 homines
595 3491 723 3549 senatus
756 3487 937 3549 consultum
960 3486 1040 3549 illud
1071 3486 1314 3548 madefactum.
1341 3521 1383 3541 -,-

209 3592 289 3654 nihil
305 3592 412 3656 valent
430 3593 470 3656 ad
490 3594 693 3657 statuendum
713 3600 838 3678 tempus
852 3594 949 3657 verba
959 3596 1023 3676 (§b
1038 3593 1093 3676 in.)
1104 3643 1120 3674 „
1131 3643 1137 3655 .
1149 3644 1155 3656 .
1166 3600 1294 3658 senatus
1310 3613 1383 3656 con·

209 3700 337 3781 sultum,
352 3701 492 3782 ...quod
510 3700 550 3763 ad
565 3699 596 3764 te
615 3702 751 3782 minen)
772 3702 858 3784 quod
875 3721 1028 3765 unacum
1045 3702 1103 3764 hac
1121 3703 1190 3784 ipsa
1208 3722 1254 3784 66.
1265 3701 1382 3764 factum

211 4253 319 4323 ponium
336 4253 457 4307 Atticum
476 4271 537 4322 166.Ί
557 4253 765 4322 61161611865)
785 4255 819 4308 ad
837 4255 910 4309 hunc
927 4254 1026 4310 locum.

1613 374 1620 409 l
